"Date","Time","Price","Volume"
2019/6/30,1:37:17,11839.20000000,0
2019/6/30,1:37:18,11839.20000000,0
2019/6/30,1:37:26,11836.50000000,0
2019/6/30,1:37:29,11836.50000000,0
2019/6/30,1:37:31,11836.50000000,0
2020/10/10,16:15:41,11364.20000000,0
2020/10/10,16:15:42,11364.20000000,0
2020/10/10,16:15:42,11364.20000000,0
2020/10/10,16:15:42,11364.20000000,0
2020/10/10,16:15:44,11364.20000000,0
2020/10/10,16:15:45,11364.20000000,0
2020/10/10,16:15:46,11364.30000000,0
2020/10/10,16:15:47,11364.20000000,0
2020/10/10,16:15:47,11364.20000000,0
2020/10/10,16:15:47,11364.30000000,0
2020/10/10,16:15:48,11364.20000000,0
2020/10/10,16:15:48,11364.30000000,0
2020/10/10,16:15:49,11364.20000000,0
2020/10/10,16:15:49,11364.20000000,0
2020/10/10,16:15:50,11364.30000000,0
2020/10/10,16:15:50,11364.30000000,0
2020/10/10,16:15:50,11364.20000000,0
2020/10/10,16:15:50,11364.20000000,0
2020/10/10,16:15:52,11364.20000000,0
2020/10/10,16:15:52,11364.20000000,0
2020/10/10,16:15:52,11364.20000000,0
2020/10/10,16:15:53,11364.20000000,0
2020/10/10,16:15:53,11364.20000000,0
2020/10/10,16:15:53,11364.30000000,0
2020/10/10,16:15:54,11364.20000000,0
2020/10/10,16:15:54,11366.80000000,0
2020/10/10,16:15:55,11366.80000000,0
2020/10/10,16:15:56,11366.80000000,0
2020/10/10,16:15:57,11366.80000000,0
2020/10/10,16:15:57,11366.80000000,0
2020/10/10,16:15:58,11366.80000000,0
2020/10/10,16:15:59,11366.80000000,0
2020/10/10,16:15:59,11366.80000000,0
2020/10/10,16:15:59,11366.80000000,0
2020/10/10,16:15:59,11366.80000000,0
2020/10/10,16:16:0,11366.80000000,0
2020/10/10,16:16:0,11366.80000000,0
2020/10/10,16:16:1,11366.80000000,0
2020/10/10,16:16:2,11366.60000000,0
2020/10/10,16:16:2,11366.60000000,0
2020/10/10,16:16:3,11366.60000000,0
2020/10/10,16:16:3,11366.70000000,0
2020/10/10,16:16:3,11366.60000000,0
2020/10/10,16:16:4,11366.60000000,0
2020/10/10,16:16:6,11366.70000000,0
2020/10/10,16:16:6,11366.70000000,0
2020/10/10,16:16:6,11366.60000000,0
2020/10/10,16:16:6,11366.70000000,0
2020/10/10,16:16:7,11366.60000000,0
2020/10/10,16:16:7,11366.70000000,0
2020/10/10,16:16:8,11366.60000000,0
2020/10/10,16:16:9,11366.60000000,0
2020/10/10,16:16:9,11366.60000000,0
2020/10/10,16:16:10,11366.60000000,0
2020/10/10,16:16:10,11366.60000000,0
2020/10/10,16:16:10,11366.60000000,0
2020/10/10,16:16:11,11366.60000000,0
2020/10/10,16:16:11,11366.60000000,0
2020/10/10,16:16:12,11366.60000000,0
2020/10/10,16:16:12,11366.60000000,0
2020/10/10,16:16:13,11366.60000000,0
2020/10/10,16:16:13,11366.60000000,0
2020/10/10,16:16:13,11366.70000000,0
2020/10/10,16:16:14,11366.60000000,0
2020/10/10,16:16:14,11366.60000000,0
2020/10/10,16:16:15,11366.70000000,0
2020/10/10,16:16:15,11366.60000000,0
2020/10/10,16:16:16,11366.80000000,0
2020/10/10,16:16:16,11366.70000000,0
2020/10/10,16:16:17,11366.70000000,0
2020/10/10,16:16:17,11366.80000000,0
2020/10/10,16:16:19,11366.70000000,0
2020/10/10,16:16:19,11366.70000000,0
2020/10/10,16:16:19,11366.80000000,0
2020/10/10,16:16:19,11366.70000000,0
2020/10/10,16:16:19,11366.70000000,0
2020/10/10,16:16:21,11366.80000000,0
2020/10/10,16:16:21,11366.80000000,0
2020/10/10,16:16:22,11366.70000000,0
2020/10/10,16:16:22,11366.70000000,0
2020/10/10,16:16:22,11366.70000000,0
2020/10/10,16:16:23,11366.80000000,0
2020/10/10,16:16:23,11366.70000000,0
2020/10/10,16:16:25,11366.80000000,0
2020/10/10,16:16:25,11366.80000000,0
2020/10/10,16:16:26,11366.70000000,0
2020/10/10,16:16:26,11366.70000000,0
2020/10/10,16:16:26,11366.80000000,0
2020/10/10,16:16:27,11366.90000000,0
2020/10/10,16:16:28,11366.80000000,0
2020/10/10,16:16:28,11366.80000000,0
2020/10/10,16:16:28,11366.80000000,0
2020/10/10,16:16:29,11366.90000000,0
2020/10/10,16:16:29,11366.80000000,0
2020/10/10,16:16:29,11366.90000000,0
2020/10/10,16:16:30,11366.80000000,0
2020/10/10,16:16:31,11366.90000000,0
2020/10/10,16:16:32,11366.90000000,0
2020/10/10,16:16:33,11366.90000000,0
2020/10/10,16:16:33,11368.90000000,0
2020/10/10,16:16:34,11368.30000000,0
2020/10/10,16:16:34,11368.90000000,0
2020/10/10,16:16:34,11369.80000000,0
2020/10/10,16:16:35,11368.90000000,0
2020/10/10,16:16:35,11370.00000000,0
2020/10/10,16:16:35,11369.80000000,0
2020/10/10,16:16:36,11370.70000000,0
2020/10/10,16:16:36,11370.70000000,0
2020/10/10,16:16:36,11370.70000000,0
2020/10/10,16:16:36,11370.70000000,0
2020/10/10,16:16:37,11370.70000000,0
2020/10/10,16:16:38,11370.70000000,0
2020/10/10,16:16:38,11370.70000000,0
2020/10/10,16:16:39,11370.70000000,0
2020/10/10,16:16:39,11370.70000000,0
2020/10/10,16:16:40,11370.70000000,0
2020/10/10,16:16:40,11370.70000000,0
2020/10/10,16:16:40,11370.70000000,0
2020/10/10,16:16:41,11370.70000000,0
2020/10/10,16:16:41,11370.80000000,0
2020/10/10,16:16:43,11370.80000000,0
2020/10/10,16:16:43,11370.70000000,0
2020/10/10,16:16:43,11370.80000000,0
2020/10/10,16:16:43,11370.90000000,0
2020/10/10,16:16:44,11370.90000000,0
2020/10/10,16:16:45,11370.90000000,0
2020/10/10,16:16:45,11370.80000000,0
2020/10/10,16:16:47,11370.80000000,0
2020/10/10,16:16:47,11370.80000000,0
2020/10/10,16:16:47,11370.80000000,0
2020/10/10,16:16:47,11370.80000000,0
2020/10/10,16:16:49,11370.80000000,0
2020/10/10,16:16:49,11370.80000000,0
2020/10/10,16:16:50,11370.80000000,0
2020/10/10,16:16:50,11370.80000000,0
2020/10/10,16:16:50,11370.80000000,0
2020/10/10,16:16:50,11370.80000000,0
2020/10/10,16:16:51,11370.80000000,0
2020/10/10,16:16:51,11370.80000000,0
2020/10/10,16:16:52,11370.80000000,0
2020/10/10,16:16:52,11370.80000000,0
2020/10/10,16:16:52,11370.80000000,0
2020/10/10,16:16:54,11370.80000000,0
2020/10/10,16:16:54,11370.80000000,0
2020/10/10,16:16:55,11370.80000000,0
2020/10/10,16:16:55,11370.80000000,0
2020/10/10,16:16:56,11370.80000000,0
2020/10/10,16:16:56,11370.70000000,0
2020/10/10,16:16:57,11370.80000000,0
2020/10/10,16:16:57,11370.70000000,0
2020/10/10,16:16:57,11370.70000000,0
2020/10/10,16:16:59,11370.70000000,0
2020/10/10,16:16:59,11371.40000000,0
2020/10/10,16:17:0,11371.80000000,0
2020/10/10,16:17:0,11371.80000000,0
2020/10/10,16:17:0,11371.80000000,0
2020/10/10,16:17:1,11371.80000000,0
2020/10/10,16:17:1,11371.90000000,0
2020/10/10,16:17:2,11371.90000000,0
2020/10/10,16:17:2,11371.90000000,0
2020/10/10,16:17:3,11371.90000000,0
2020/10/10,16:17:3,11371.90000000,0
2020/10/10,16:17:4,11371.90000000,0
2020/10/10,16:17:4,11371.90000000,0
2020/10/10,16:17:4,11371.90000000,0
2020/10/10,16:17:5,11371.90000000,0
2020/10/10,16:17:5,11371.90000000,0
2020/10/10,16:17:6,11371.80000000,0
2020/10/10,16:17:7,11371.80000000,0
2020/10/10,16:17:7,11371.80000000,0
2020/10/10,16:17:7,11371.80000000,0
2020/10/10,16:17:8,11371.80000000,0
2020/10/10,16:17:9,11371.80000000,0
2020/10/10,16:17:9,11371.80000000,0
2020/10/10,16:17:9,11371.80000000,0
2020/10/10,16:17:10,11371.80000000,0
2020/10/10,16:17:10,11371.80000000,0
2020/10/10,16:17:11,11371.80000000,0
2020/10/10,16:17:11,11371.40000000,0
2020/10/10,16:17:11,11371.40000000,0
2020/10/10,16:17:12,11371.40000000,0
2020/10/10,16:17:12,11371.40000000,0
2020/10/10,16:17:13,11371.40000000,0
2020/10/10,16:17:14,11371.40000000,0
2020/10/10,16:17:15,11371.40000000,0
2020/10/10,16:17:15,11371.40000000,0
2020/10/10,16:17:15,11371.40000000,0
2020/10/10,16:17:16,11371.40000000,0
2020/10/10,16:17:16,11371.40000000,0
2020/10/10,16:17:17,11371.40000000,0
2020/10/10,16:17:18,11371.40000000,0
2020/10/10,16:17:19,11371.40000000,0
2020/10/10,16:17:19,11368.00000000,0
2020/10/10,16:17:19,11371.40000000,0
2020/10/10,16:17:20,11371.40000000,0
2020/10/10,16:17:20,11371.40000000,0
2020/10/10,16:17:20,11368.00000000,0
2020/10/10,16:17:20,11368.00000000,0
2020/10/10,16:17:22,11368.00000000,0
2020/10/10,16:17:22,11368.00000000,0
2020/10/10,16:17:23,11368.00000000,0
2020/10/10,16:17:23,11368.00000000,0
2020/10/10,16:17:24,11367.00000000,0
2020/10/10,16:17:25,11367.00000000,0
2020/10/10,16:17:25,11367.00000000,0
2020/10/10,16:17:25,11367.00000000,0
2020/10/10,16:17:26,11367.00000000,0
2020/10/10,16:17:27,11367.00000000,0
2020/10/10,16:17:27,11367.00000000,0
2020/10/10,16:17:27,11367.00000000,0
2020/10/10,16:17:27,11367.00000000,0
2020/10/10,16:17:28,11367.00000000,0
2020/10/10,16:17:28,11367.00000000,0
2020/10/10,16:17:29,11367.00000000,0
2020/10/10,16:17:29,11367.00000000,0
2020/10/10,16:17:30,11367.00000000,0
2020/10/10,16:17:30,11367.00000000,0
2020/10/10,16:17:30,11367.00000000,0
2020/10/10,16:17:32,11367.00000000,0
2020/10/10,16:17:32,11367.00000000,0
2020/10/10,16:17:32,11367.00000000,0
2020/10/10,16:17:33,11367.00000000,0
2020/10/10,16:17:34,11367.00000000,0
2020/10/10,16:17:34,11367.00000000,0
2020/10/10,16:17:34,11367.00000000,0
2020/10/10,16:17:35,11367.00000000,0
2020/10/10,16:17:36,11367.00000000,0
2020/10/10,16:17:36,11367.00000000,0
2020/10/10,16:17:36,11367.00000000,0
2020/10/10,16:17:37,11367.00000000,0
2020/10/10,16:17:37,11367.00000000,0
2020/10/10,16:17:38,11367.00000000,0
2020/10/10,16:17:39,11367.00000000,0
2020/10/10,16:17:39,11368.00000000,0
2020/10/10,16:17:39,11368.00000000,0
2020/10/10,16:17:40,11370.10000000,0
2020/10/10,16:17:40,11367.00000000,0
2020/10/10,16:17:41,11370.10000000,0
2020/10/10,16:17:44,11370.10000000,0
2020/10/10,16:17:45,11370.10000000,0
2020/10/10,16:17:45,11370.10000000,0
2020/10/10,16:17:46,11370.10000000,0
2020/10/10,16:35:0,11378.50000000,0
2020/10/10,16:35:1,11378.50000000,0
2020/10/10,16:35:1,11378.50000000,0
2020/10/10,16:35:2,11378.50000000,0
2020/10/10,16:35:2,11378.50000000,0
2020/10/10,16:35:2,11378.50000000,0
2020/10/10,16:35:2,11378.50000000,0
2020/10/10,16:35:2,11378.50000000,0
2020/10/10,16:35:3,11378.50000000,0
2020/10/10,16:35:3,11378.50000000,0
2020/10/10,16:35:4,11378.50000000,0
2020/10/10,16:35:4,11378.50000000,0
2020/10/10,16:35:4,11378.50000000,0
2020/10/10,16:35:4,11378.50000000,0
2020/10/10,16:35:4,11378.50000000,0
2020/10/10,16:35:4,11378.50000000,0
2020/10/10,16:35:5,11378.50000000,0
2020/10/10,16:35:5,11378.50000000,0
2020/10/10,16:35:5,11378.50000000,0
2020/10/10,16:35:5,11378.50000000,0
2020/10/10,16:35:6,11378.50000000,0
2020/10/10,16:35:6,11378.50000000,0
2020/10/10,16:35:7,11378.60000000,0
2020/10/10,16:35:7,11378.50000000,0
2020/10/10,16:35:7,11378.60000000,0
2020/10/10,16:35:7,11378.50000000,0
2020/10/10,16:35:7,11378.50000000,0
2020/10/10,16:35:8,11378.50000000,0
2020/10/10,16:35:8,11378.50000000,0
2020/10/10,16:35:8,11378.60000000,0
2020/10/10,16:35:8,11378.60000000,0
2020/10/10,16:35:9,11378.60000000,0
2020/10/10,16:35:9,11378.60000000,0
2020/10/10,16:35:10,11378.60000000,0
2020/10/10,16:35:10,11378.60000000,0
2020/10/10,16:35:10,11378.60000000,0
2020/10/10,16:35:10,11378.60000000,0
2020/10/10,16:35:10,11378.60000000,0
2020/10/10,16:35:10,11378.60000000,0
2020/10/10,16:35:11,11378.60000000,0
2020/10/10,16:35:11,11378.60000000,0
2020/10/10,16:35:11,11378.60000000,0
2020/10/10,16:35:12,11378.60000000,0
2020/10/10,16:35:12,11378.60000000,0
2020/10/10,16:35:12,11378.60000000,0
2020/10/10,16:35:12,11378.60000000,0
2020/10/10,16:35:13,11378.60000000,0
2020/10/10,16:35:13,11378.60000000,0
2020/10/10,16:35:13,11378.60000000,0
2020/10/10,16:35:13,11378.60000000,0
2020/10/10,16:35:13,11378.60000000,0
2020/10/10,16:35:14,11378.60000000,0
2020/10/10,16:35:14,11378.60000000,0
2020/10/10,16:35:15,11378.60000000,0
2020/10/10,16:35:15,11378.60000000,0
2020/10/10,16:35:15,11378.60000000,0
2020/10/10,16:35:15,11378.60000000,0
2020/10/10,16:35:15,11378.60000000,0
2020/10/10,16:35:16,11378.60000000,0
2020/10/10,16:35:16,11378.60000000,0
2020/10/10,16:35:16,11378.60000000,0
2020/10/10,16:35:17,11378.60000000,0
2020/10/10,16:35:17,11378.60000000,0
2020/10/10,16:35:17,11378.60000000,0
2020/10/10,16:35:17,11378.60000000,0
2020/10/10,16:35:18,11378.60000000,0
2020/10/10,16:35:18,11378.60000000,0
2020/10/10,16:35:18,11378.60000000,0
2020/10/10,16:35:18,11378.60000000,0
2020/10/10,16:35:18,11378.60000000,0
2020/10/10,16:35:18,11378.60000000,0
2020/10/10,16:35:19,11378.60000000,0
2020/10/10,16:35:19,11378.60000000,0
2020/10/10,16:35:19,11378.60000000,0
2020/10/10,16:35:19,11378.60000000,0
2020/10/10,16:35:19,11378.60000000,0
2020/10/10,16:35:19,11378.60000000,0
2020/10/10,16:35:20,11378.60000000,0
2020/10/10,16:35:21,11378.50000000,0
2020/10/10,16:35:21,11378.50000000,0
2020/10/10,16:35:21,11378.50000000,0
2020/10/10,16:35:21,11378.50000000,0
2020/10/10,16:35:22,11378.50000000,0
2020/10/10,16:35:23,11378.60000000,0
2020/10/10,16:35:23,11378.50000000,0
2020/10/10,16:35:23,11378.50000000,0
2020/10/10,16:35:24,11378.50000000,0
2020/10/10,16:35:24,11378.50000000,0
2020/10/10,16:35:24,11378.50000000,0
2020/10/10,16:35:25,11378.50000000,0
2020/10/10,16:35:25,11378.50000000,0
2020/10/10,16:35:26,11378.50000000,0
2020/10/10,16:35:26,11378.50000000,0
2020/10/10,16:35:27,11378.50000000,0
2020/10/10,16:35:27,11378.50000000,0
2020/10/10,16:35:27,11378.50000000,0
2020/10/10,16:35:28,11378.50000000,0
2020/10/10,16:35:28,11378.50000000,0
2020/10/10,16:35:29,11378.50000000,0
2020/10/10,16:35:30,11378.50000000,0
2020/10/10,16:35:31,11378.50000000,0
2020/10/10,16:35:31,11378.50000000,0
2020/10/10,16:35:31,11378.50000000,0
2020/10/10,16:35:31,11378.50000000,0
2020/10/10,16:35:33,11378.50000000,0
2020/10/10,16:35:33,11378.50000000,0
2020/10/10,16:35:33,11378.50000000,0
2020/10/10,16:35:34,11378.50000000,0
2020/10/10,16:35:34,11378.50000000,0
2020/10/10,16:35:35,11378.50000000,0
2020/10/10,16:35:35,11378.50000000,0
2020/10/10,16:35:36,11378.50000000,0
2020/10/10,16:35:37,11378.50000000,0
2020/10/10,16:35:37,11378.50000000,0
2020/10/10,16:35:37,11378.50000000,0
2020/10/10,16:35:38,11378.50000000,0
2020/10/10,16:35:39,11378.50000000,0
2020/10/10,16:35:39,11378.50000000,0
2020/10/10,16:35:39,11378.50000000,0
2020/10/10,16:35:40,11378.50000000,0
2020/10/10,16:35:40,11378.50000000,0
2020/10/10,16:35:41,11378.50000000,0
2020/10/10,16:35:42,11378.50000000,0
2020/10/10,16:35:42,11378.60000000,0
2020/10/10,16:35:42,11378.50000000,0
2020/10/10,16:35:42,11378.50000000,0
2020/10/10,16:35:43,11378.50000000,0
2020/10/10,16:35:43,11378.50000000,0
2020/10/10,16:35:44,11378.50000000,0
2020/10/10,16:35:45,11378.50000000,0
2020/10/10,16:35:45,11378.50000000,0
2020/10/10,16:35:45,11378.50000000,0
2020/10/10,16:35:46,11378.60000000,0
2020/10/10,16:35:47,11378.60000000,0
2020/10/10,16:35:47,11378.60000000,0
2020/10/10,16:35:47,11378.60000000,0
2020/10/10,16:35:48,11378.60000000,0
2020/10/10,16:35:49,11378.60000000,0
2020/10/10,16:35:50,11378.60000000,0
2020/10/10,16:35:50,11378.60000000,0
2020/10/10,16:35:50,11378.60000000,0
2020/10/10,16:35:52,11378.60000000,0
2020/10/10,16:35:52,11378.60000000,0
2020/10/10,16:35:53,11378.60000000,0
2020/10/10,16:35:54,11378.50000000,0
2020/10/10,16:35:54,11378.60000000,0
2020/10/10,16:35:54,11378.60000000,0
2020/10/10,16:35:54,11378.60000000,0
2020/10/10,16:35:55,11378.60000000,0
2020/10/10,16:35:55,11378.50000000,0
2020/10/10,16:35:55,11378.60000000,0
2020/10/10,16:35:55,11378.50000000,0
2020/10/10,16:35:56,11378.60000000,0
2020/10/10,16:35:57,11378.60000000,0
2020/10/10,16:35:57,11378.60000000,0
2020/10/10,16:35:58,11378.60000000,0
2020/10/10,16:35:58,11378.50000000,0
2020/10/10,16:35:58,11378.50000000,0
2020/10/10,16:35:59,11378.60000000,0
2020/10/10,16:35:59,11378.50000000,0
2020/10/10,16:36:0,11378.50000000,0
2020/10/10,16:36:1,11378.40000000,0
2020/10/10,16:36:1,11378.40000000,0
2020/10/10,16:36:2,11378.40000000,0
2020/10/10,16:36:2,11378.40000000,0
2020/10/10,16:36:2,11378.40000000,0
2020/10/10,16:36:4,11378.40000000,0
2020/10/10,16:36:4,11378.40000000,0
2020/10/10,16:36:4,11378.40000000,0
2020/10/10,16:36:5,11378.40000000,0
2020/10/10,16:36:5,11378.40000000,0
2020/10/10,16:36:5,11378.50000000,0
2020/10/10,16:36:6,11378.40000000,0
2020/10/10,16:36:6,11378.50000000,0
2020/10/10,16:36:7,11378.50000000,0
2020/10/10,16:36:7,11378.50000000,0
2020/10/10,16:36:9,11378.50000000,0
2020/10/10,16:36:9,11378.40000000,0
2020/10/10,16:36:9,11378.50000000,0
2020/10/10,16:36:9,11378.40000000,0
2020/10/10,16:36:11,11378.40000000,0
2020/10/10,16:36:11,11378.40000000,0
2020/10/10,16:36:11,11378.40000000,0
2020/10/10,16:36:11,11378.40000000,0
2020/10/10,16:36:12,11378.40000000,0
2020/10/10,16:36:12,11378.40000000,0
2020/10/10,16:36:15,11378.40000000,0
2020/10/10,16:36:15,11378.40000000,0
2020/10/10,16:36:15,11378.40000000,0
2020/10/10,16:36:16,11378.40000000,0
2020/10/10,16:36:16,11378.40000000,0
2020/10/10,16:36:17,11379.10000000,0
2020/10/10,16:36:17,11378.40000000,0
2020/10/10,16:36:18,11378.40000000,0
2020/10/10,16:36:18,11378.40000000,0
2020/10/10,16:36:18,11379.10000000,0
2020/10/10,16:36:19,11378.40000000,0
2020/10/10,16:36:19,11379.10000000,0
2020/10/10,16:36:19,11379.10000000,0
2020/10/10,16:36:19,11379.10000000,0
2020/10/10,16:36:20,11379.10000000,0
2020/10/10,16:36:21,11379.10000000,0
2020/10/10,16:36:21,11379.10000000,0
2020/10/10,16:36:21,11379.10000000,0
2020/10/10,16:36:22,11379.10000000,0
2020/10/10,16:36:23,11379.10000000,0
2020/10/10,16:36:24,11379.10000000,0
2020/10/10,16:36:24,11379.10000000,0
2020/10/10,16:36:25,11379.10000000,0
2020/10/10,16:36:25,11379.10000000,0
2020/10/10,16:36:25,11379.00000000,0
2020/10/10,16:36:26,11379.10000000,0
2020/10/10,16:36:26,11379.10000000,0
2020/10/10,16:36:27,11379.10000000,0
2020/10/10,16:36:27,11379.50000000,0
2020/10/10,16:36:28,11379.10000000,0
2020/10/10,16:36:28,11379.50000000,0
2020/10/10,16:36:29,11379.50000000,0
2020/10/10,16:36:29,11379.50000000,0
2020/10/10,16:36:29,11379.50000000,0
2020/10/10,16:36:30,11379.50000000,0
2020/10/10,16:36:31,11379.50000000,0
2020/10/10,16:36:31,11379.50000000,0
2020/10/10,16:36:32,11379.50000000,0
2020/10/10,16:36:32,11379.50000000,0
2020/10/10,16:36:33,11379.50000000,0
2020/10/10,16:36:33,11379.50000000,0
2020/10/10,16:36:33,11379.50000000,0
2020/10/10,16:36:34,11379.50000000,0
2020/10/10,16:36:35,11379.50000000,0
2020/10/10,16:36:35,11379.50000000,0
2020/10/10,16:36:35,11379.50000000,0
2020/10/10,16:36:36,11379.50000000,0
2020/10/10,16:36:37,11379.50000000,0
2020/10/10,16:36:37,11379.50000000,0
2020/10/10,16:36:37,11379.50000000,0
2020/10/10,16:36:38,11379.50000000,0
2020/10/10,16:36:38,11379.50000000,0
2020/10/10,16:36:40,11379.50000000,0
2020/10/10,16:36:40,11379.50000000,0
2020/10/10,16:36:41,11379.50000000,0
2020/10/10,16:36:41,11379.50000000,0
2020/10/10,16:36:41,11379.50000000,0
2020/10/10,16:36:41,11379.60000000,0
2020/10/10,16:36:42,11379.60000000,0
2020/10/10,16:36:42,11379.60000000,0
2020/10/10,16:36:43,11379.60000000,0
2020/10/10,16:36:43,11379.60000000,0
2020/10/10,16:36:44,11379.60000000,0
2020/10/10,16:36:44,11379.60000000,0
2020/10/10,16:36:45,11379.60000000,0
2020/10/10,16:36:46,11379.60000000,0
2020/10/10,16:36:47,11379.60000000,0
2020/10/10,16:36:47,11379.60000000,0
2020/10/10,16:36:47,11379.60000000,0
2020/10/10,16:36:47,11379.60000000,0
2020/10/10,16:36:48,11379.60000000,0
2020/10/10,16:36:49,11379.60000000,0
2020/10/10,16:36:49,11379.60000000,0
2020/10/10,16:36:51,11379.60000000,0
2020/10/10,16:36:51,11379.60000000,0
2020/10/10,16:36:51,11379.60000000,0
2020/10/10,16:36:52,11379.60000000,0
2020/10/10,16:36:52,11379.60000000,0
2020/10/10,16:36:53,11379.60000000,0
2020/10/10,16:36:54,11379.60000000,0
2020/10/10,16:36:54,11379.60000000,0
2020/10/10,16:36:54,11379.60000000,0
2020/10/10,16:36:55,11379.60000000,0
2020/10/10,16:36:55,11379.60000000,0
2020/10/10,16:36:56,11379.60000000,0
2020/10/10,16:36:56,11379.60000000,0
2020/10/10,16:36:56,11379.60000000,0
2020/10/10,16:36:56,11379.60000000,0
2020/10/10,16:36:57,11381.50000000,0
2020/10/10,16:36:58,11379.60000000,0
2020/10/10,16:36:58,11381.50000000,0
2020/10/10,16:36:59,11381.50000000,0
2020/10/10,16:37:0,11381.50000000,0
2020/10/10,16:37:0,11381.50000000,0
2020/10/10,16:37:0,11381.50000000,0
2020/10/10,16:45:29,11389.70000000,0
2020/10/10,16:45:30,11389.60000000,0
2020/10/10,16:45:30,11389.60000000,0
2020/10/10,16:45:31,11389.60000000,0
2020/10/10,16:45:32,11389.70000000,0
2020/10/10,16:45:32,11389.70000000,0
2020/10/10,16:45:32,11389.70000000,0
2020/10/10,16:45:33,11389.60000000,0
2020/10/10,16:45:33,11389.60000000,0
2020/10/10,16:45:33,11389.70000000,0
2020/10/10,16:45:33,11389.70000000,0
2020/10/10,16:45:34,11389.60000000,0
2020/10/10,16:45:34,11389.70000000,0
2020/10/10,16:45:34,11389.60000000,0
2020/10/10,16:45:35,11389.60000000,0
2020/10/10,16:45:35,11389.60000000,0
2020/10/10,16:45:35,11389.70000000,0
2020/10/10,16:45:36,11389.60000000,0
2020/10/10,16:45:36,11389.70000000,0
2020/10/10,16:45:36,11389.70000000,0
2020/10/10,16:45:36,11389.60000000,0
2020/10/10,16:45:36,11389.60000000,0
2020/10/10,16:45:36,11389.60000000,0
2020/10/10,16:45:36,11389.70000000,0
2020/10/10,16:45:37,11389.70000000,0
2020/10/10,16:45:37,11389.70000000,0
2020/10/10,16:45:37,11389.70000000,0
2020/10/10,16:45:37,11389.70000000,0
2020/10/10,16:45:38,11389.70000000,0
2020/10/10,16:45:38,11389.70000000,0
2020/10/10,16:45:38,11389.70000000,0
2020/10/10,16:45:38,11389.70000000,0
2020/10/10,16:45:39,11389.70000000,0
2020/10/10,16:45:39,11389.70000000,0
2020/10/10,16:45:39,11389.70000000,0
2020/10/10,16:45:39,11389.70000000,0
2020/10/10,16:45:40,11389.70000000,0
2020/10/10,16:45:40,11389.70000000,0
2020/10/10,16:45:40,11389.70000000,0
2020/10/10,16:45:41,11389.70000000,0
2020/10/10,16:45:41,11389.70000000,0
2020/10/10,16:45:41,11389.70000000,0
2020/10/10,16:45:42,11389.70000000,0
2020/10/10,16:45:42,11389.70000000,0
2020/10/10,16:45:42,11389.70000000,0
2020/10/10,16:45:42,11389.70000000,0
2020/10/10,16:45:43,11389.70000000,0
2020/10/10,16:45:43,11389.70000000,0
2020/10/10,16:45:43,11389.70000000,0
2020/10/10,16:45:43,11389.70000000,0
2020/10/10,16:45:43,11389.70000000,0
2020/10/10,16:45:44,11389.60000000,0
2020/10/10,16:45:44,11389.70000000,0
2020/10/10,16:45:44,11389.70000000,0
2020/10/10,16:45:44,11389.70000000,0
2020/10/10,16:45:44,11389.60000000,0
2020/10/10,16:45:44,11389.70000000,0
2020/10/10,16:45:45,11389.60000000,0
2020/10/10,16:45:45,11389.60000000,0
2020/10/10,16:45:46,11389.70000000,0
2020/10/10,16:45:46,11389.60000000,0
2020/10/10,16:45:46,11389.70000000,0
2020/10/10,16:45:47,11389.60000000,0
2020/10/10,16:45:47,11389.70000000,0
2020/10/10,16:45:47,11389.60000000,0
2020/10/10,16:45:47,11389.70000000,0
2020/10/10,16:45:48,11389.70000000,0
2020/10/10,16:45:48,11389.60000000,0
2020/10/10,16:45:48,11389.70000000,0
2020/10/10,16:45:48,11389.70000000,0
2020/10/10,16:45:49,11389.70000000,0
2020/10/10,16:45:49,11389.70000000,0
2020/10/10,16:45:49,11389.70000000,0
2020/10/10,16:45:49,11389.70000000,0
2020/10/10,16:45:49,11389.70000000,0
2020/10/10,16:45:49,11389.60000000,0
2020/10/10,16:45:49,11389.70000000,0
2020/10/10,16:45:49,11389.60000000,0
2020/10/10,16:45:50,11389.70000000,0
2020/10/10,16:45:50,11389.70000000,0
2020/10/10,16:45:50,11389.60000000,0
2020/10/10,16:45:51,11389.60000000,0
2020/10/10,16:45:51,11389.60000000,0
2020/10/10,16:45:51,11389.60000000,0
2020/10/10,16:45:52,11389.60000000,0
2020/10/10,16:45:52,11389.60000000,0
2020/10/10,16:45:52,11389.60000000,0
2020/10/10,16:45:52,11389.60000000,0
2020/10/10,16:45:53,11389.60000000,0
2020/10/10,16:45:53,11389.60000000,0
2020/10/10,16:45:54,11389.60000000,0
2020/10/10,16:45:54,11389.60000000,0
2020/10/10,16:45:55,11389.60000000,0
2020/10/10,16:45:56,11389.70000000,0
2020/10/10,16:45:56,11389.70000000,0
2020/10/10,16:45:56,11389.60000000,0
2020/10/10,16:45:57,11389.70000000,0
2020/10/10,16:45:58,11389.70000000,0
2020/10/10,16:45:58,11389.70000000,0
2020/10/10,16:45:58,11389.70000000,0
2020/10/10,16:45:59,11389.70000000,0
2020/10/10,16:45:59,11389.70000000,0
2020/10/10,16:46:0,11389.70000000,0
2020/10/10,16:46:0,11389.70000000,0
2020/10/10,16:46:1,11389.70000000,0
2020/10/10,16:46:1,11389.70000000,0
2020/10/10,16:46:1,11389.70000000,0
2020/10/10,16:46:3,11389.70000000,0
2020/10/10,16:46:3,11389.70000000,0
2020/10/10,16:46:3,11389.70000000,0
2020/10/10,16:46:5,11389.70000000,0
2020/10/10,16:46:5,11389.70000000,0
2020/10/10,16:46:5,11389.70000000,0
2020/10/10,16:46:7,11389.70000000,0
2020/10/10,16:46:8,11389.70000000,0
2020/10/10,16:46:8,11389.70000000,0
2020/10/10,16:46:8,11389.70000000,0
2020/10/10,16:46:8,11389.70000000,0
2020/10/10,16:46:8,11389.70000000,0
2020/10/10,16:46:9,11389.70000000,0
2020/10/10,16:46:10,11389.70000000,0
2020/10/10,16:46:10,11389.70000000,0
2020/10/10,16:46:10,11389.70000000,0
2020/10/10,16:46:11,11389.70000000,0
2020/10/10,16:46:12,11389.70000000,0
2020/10/10,16:46:12,11389.70000000,0
2020/10/10,16:46:13,11389.70000000,0
2020/10/10,16:46:13,11389.70000000,0
2020/10/10,16:46:13,11389.70000000,0
2020/10/10,16:46:13,11389.70000000,0
2020/10/10,16:46:14,11389.70000000,0
2020/10/10,16:46:15,11389.70000000,0
2020/10/10,16:46:16,11389.70000000,0
2020/10/10,16:46:16,11389.70000000,0
2020/10/10,16:46:17,11389.70000000,0
2020/10/10,16:46:18,11389.70000000,0
2020/10/10,16:46:18,11389.80000000,0
2020/10/10,16:46:18,11389.70000000,0
2020/10/10,16:46:19,11389.80000000,0
2020/10/10,16:46:19,11390.20000000,0
2020/10/10,16:46:19,11389.80000000,0
2020/10/10,16:46:20,11389.70000000,0
2020/10/10,16:46:20,11389.70000000,0
2020/10/10,16:46:22,11390.20000000,0
2020/10/10,16:46:22,11389.80000000,0
2020/10/10,16:46:22,11390.20000000,0
2020/10/10,16:46:23,11390.20000000,0
2020/10/10,16:46:24,11390.20000000,0
2020/10/10,16:46:25,11390.20000000,0
2020/10/10,16:46:25,11390.20000000,0
2020/10/10,16:46:25,11390.20000000,0
2020/10/10,16:46:25,11390.20000000,0
2020/10/10,16:46:26,11390.20000000,0
2020/10/10,16:46:27,11390.20000000,0
2020/10/10,16:46:27,11390.20000000,0
2020/10/10,16:46:27,11390.20000000,0
2020/10/10,16:46:27,11390.20000000,0
2020/10/10,16:46:27,11390.20000000,0
2020/10/10,16:46:29,11390.20000000,0
2020/10/10,16:46:30,11390.20000000,0
2020/10/10,16:46:31,11390.20000000,0
2020/10/10,16:46:31,11390.20000000,0
2020/10/10,16:46:31,11390.20000000,0
2020/10/10,16:46:32,11390.20000000,0
2020/10/10,16:46:32,11390.20000000,0
2020/10/10,16:46:32,11390.30000000,0
2020/10/10,16:46:33,11390.30000000,0
2020/10/10,16:46:33,11390.30000000,0
2020/10/10,16:46:33,11390.30000000,0
2020/10/10,16:46:34,11390.30000000,0
2020/10/10,16:46:34,11390.30000000,0
2020/10/10,16:46:35,11390.30000000,0
2020/10/10,16:46:35,11390.30000000,0
2020/10/10,16:46:36,11390.30000000,0
2020/10/10,16:46:37,11390.30000000,0
2020/10/10,16:46:37,11390.30000000,0
2020/10/10,16:46:38,11390.30000000,0
2020/10/10,16:46:39,11390.30000000,0
2020/10/10,16:46:39,11390.30000000,0
2020/10/10,16:46:40,11390.30000000,0
2020/10/10,16:46:41,11390.30000000,0
2020/10/10,16:46:41,11390.30000000,0
2020/10/10,16:46:41,11390.30000000,0
2020/10/10,16:46:42,11390.30000000,0
2020/10/10,16:46:42,11390.50000000,0
2020/10/10,16:46:43,11390.30000000,0
2020/10/10,16:46:43,11390.50000000,0
2020/10/10,16:46:43,11390.50000000,0
2020/10/10,16:46:44,11390.50000000,0
2020/10/10,16:46:44,11390.50000000,0
2020/10/10,16:46:44,11390.50000000,0
2020/10/10,16:46:45,11390.60000000,0
2020/10/10,16:46:45,11390.50000000,0
2020/10/10,16:46:47,11390.60000000,0
2020/10/10,16:46:47,11390.50000000,0
2020/10/10,16:46:47,11390.60000000,0
2020/10/10,16:46:47,11390.60000000,0
2020/10/10,16:46:48,11390.60000000,0
2020/10/10,16:46:48,11390.60000000,0
2020/10/10,16:46:49,11390.60000000,0
2020/10/10,16:46:49,11390.60000000,0
2020/10/10,16:46:50,11391.00000000,0
2020/10/10,16:46:50,11391.00000000,0
2020/10/10,16:46:51,11391.00000000,0
2020/10/10,16:46:52,11391.20000000,0
2020/10/10,16:46:52,11391.20000000,0
2020/10/10,16:46:52,11391.90000000,0
2020/10/10,16:46:54,11391.20000000,0
2020/10/10,16:46:54,11391.90000000,0
2020/10/10,16:46:55,11391.80000000,0
2020/10/10,16:46:55,11391.80000000,0
2020/10/10,16:46:56,11391.80000000,0
2020/10/10,16:46:56,11391.80000000,0
2020/10/10,16:46:56,11391.90000000,0
2020/10/10,16:46:56,11391.80000000,0
2020/10/10,16:46:57,11391.80000000,0
2020/10/10,16:46:58,11391.80000000,0
2020/10/10,16:46:58,11391.80000000,0
2020/10/10,16:46:59,11391.80000000,0
2020/10/10,16:47:0,11391.80000000,0
2020/10/10,16:47:0,11393.40000000,0
2020/10/10,16:47:0,11391.80000000,0
2020/10/10,16:47:2,11393.40000000,0
2020/10/10,16:47:2,11393.40000000,0
2020/10/10,16:47:2,11393.40000000,0
2020/10/10,16:47:3,11393.40000000,0
2020/10/10,16:47:3,11393.70000000,0
2020/10/10,16:47:4,11393.70000000,0
2020/10/10,16:47:5,11393.70000000,0
2020/10/10,16:47:5,11393.70000000,0
2020/10/10,16:47:6,11393.70000000,0
2020/10/10,16:47:7,11393.70000000,0
2020/10/10,16:47:7,11393.70000000,0
2020/10/10,16:47:8,11393.70000000,0
2020/10/10,16:47:9,11393.70000000,0
2020/10/10,16:47:10,11393.70000000,0
2020/10/10,16:47:11,11393.70000000,0
2020/10/10,16:47:11,11393.70000000,0
2020/10/10,16:47:12,11393.70000000,0
2020/10/10,16:47:12,11393.70000000,0
2020/10/10,16:47:12,11393.70000000,0
2020/10/10,16:47:12,11393.70000000,0
2020/10/10,16:47:12,11393.70000000,0
2020/10/10,16:47:13,11393.70000000,0
2020/10/10,16:47:13,11393.70000000,0
2020/10/10,16:47:14,11393.70000000,0
2020/10/10,16:47:14,11393.70000000,0
2020/10/10,16:47:14,11393.70000000,0
2020/10/10,16:47:15,11393.70000000,0
2020/10/10,16:47:15,11393.70000000,0
2020/10/10,16:47:15,11393.70000000,0
2020/10/10,16:47:16,11393.70000000,0
2020/10/10,16:47:17,11393.70000000,0
2020/10/10,16:47:17,11393.70000000,0
2020/10/10,16:47:17,11393.70000000,0
2020/10/10,16:47:17,11393.70000000,0
2020/10/10,16:47:18,11393.70000000,0
2020/10/10,16:47:18,11393.70000000,0
2020/10/10,16:47:19,11393.70000000,0
2020/10/10,16:47:20,11393.70000000,0
2020/10/10,16:47:20,11393.70000000,0
2020/10/10,16:47:20,11393.70000000,0
2020/10/10,16:47:21,11393.70000000,0
2020/10/10,16:47:22,11393.70000000,0
2020/10/10,16:47:22,11393.70000000,0
2020/10/10,16:47:22,11393.70000000,0
2020/10/10,16:47:23,11393.70000000,0
2020/10/10,16:47:24,11393.70000000,0
2020/10/10,16:47:24,11393.70000000,0
2020/10/10,16:47:24,11393.70000000,0
2020/10/10,16:47:24,11393.70000000,0
2020/10/10,16:47:25,11393.70000000,0
2020/10/10,16:47:26,11393.70000000,0
2020/10/10,16:47:27,11393.70000000,0
2020/10/10,16:47:27,11393.70000000,0
2020/10/10,16:47:27,11393.70000000,0
2020/10/10,16:47:28,11393.70000000,0
2020/10/10,16:47:29,11393.70000000,0
2020/10/10,16:47:29,11393.70000000,0
2020/10/10,16:47:30,11393.70000000,0
2020/10/10,16:47:33,11393.70000000,0
2020/10/10,17:14:9,11374.80000000,0
2020/10/10,17:14:9,11374.80000000,0
2020/10/10,17:14:10,11374.80000000,0
2020/10/10,17:14:10,11374.80000000,0
2020/10/10,17:14:10,11374.80000000,0
2020/10/10,17:14:10,11374.80000000,0
2020/10/10,17:14:11,11374.80000000,0
2020/10/10,17:14:11,11374.80000000,0
2020/10/10,17:14:11,11374.80000000,0
2020/10/10,17:14:11,11374.80000000,0
2020/10/10,17:14:12,11374.80000000,0
2020/10/10,17:14:12,11374.80000000,0
2020/10/10,17:14:13,11374.80000000,0
2020/10/10,17:14:13,11374.80000000,0
2020/10/10,17:14:13,11374.80000000,0
2020/10/10,17:14:14,11374.80000000,0
2020/10/10,17:14:14,11374.80000000,0
2020/10/10,17:14:14,11374.80000000,0
2020/10/10,17:14:14,11374.80000000,0
2020/10/10,17:14:14,11374.80000000,0
2020/10/10,17:14:14,11374.80000000,0
2020/10/10,17:14:15,11374.80000000,0
2020/10/10,17:14:15,11374.80000000,0
2020/10/10,17:14:16,11374.80000000,0
2020/10/10,17:14:16,11374.80000000,0
2020/10/10,17:14:16,11374.80000000,0
2020/10/10,17:14:16,11374.80000000,0
2020/10/10,17:14:17,11374.80000000,0
2020/10/10,17:14:17,11374.70000000,0
2020/10/10,17:14:18,11374.70000000,0
2020/10/10,17:14:18,11374.70000000,0
2020/10/10,17:14:18,11374.80000000,0
2020/10/10,17:14:18,11374.80000000,0
2020/10/10,17:14:18,11374.70000000,0
2020/10/10,17:14:19,11374.70000000,0
2020/10/10,17:14:19,11374.70000000,0
2020/10/10,17:14:19,11374.80000000,0
2020/10/10,17:14:19,11374.70000000,0
2020/10/10,17:14:19,11374.70000000,0
2020/10/10,17:14:19,11374.70000000,0
2020/10/10,17:14:19,11374.70000000,0
2020/10/10,17:14:20,11374.70000000,0
2020/10/10,17:14:20,11374.70000000,0
2020/10/10,17:14:20,11374.70000000,0
2020/10/10,17:14:21,11374.70000000,0
2020/10/10,17:14:21,11374.70000000,0
2020/10/10,17:14:21,11374.70000000,0
2020/10/10,17:14:22,11374.70000000,0
2020/10/10,17:14:22,11374.70000000,0
2020/10/10,17:14:22,11374.70000000,0
2020/10/10,17:14:22,11374.70000000,0
2020/10/10,17:14:23,11374.70000000,0
2020/10/10,17:14:23,11374.70000000,0
2020/10/10,17:14:23,11374.70000000,0
2020/10/10,17:14:23,11374.70000000,0
2020/10/10,17:14:24,11374.70000000,0
2020/10/10,17:14:24,11374.80000000,0
2020/10/10,17:14:24,11374.70000000,0
2020/10/10,17:14:24,11374.70000000,0
2020/10/10,17:14:25,11374.80000000,0
2020/10/10,17:14:25,11374.80000000,0
2020/10/10,17:14:25,11374.80000000,0
2020/10/10,17:14:25,11374.80000000,0
2020/10/10,17:14:26,11374.80000000,0
2020/10/10,17:14:26,11374.80000000,0
2020/10/10,17:14:26,11374.80000000,0
2020/10/10,17:14:27,11374.80000000,0
2020/10/10,17:14:27,11374.80000000,0
2020/10/10,17:14:27,11374.80000000,0
2020/10/10,17:14:28,11374.80000000,0
2020/10/10,17:14:28,11374.80000000,0
2020/10/10,17:14:28,11374.80000000,0
2020/10/10,17:14:28,11374.80000000,0
2020/10/10,17:14:28,11374.80000000,0
2020/10/10,17:14:29,11374.80000000,0
2020/10/10,17:14:29,11374.80000000,0
2020/10/10,17:14:29,11374.80000000,0
2020/10/10,17:14:29,11374.80000000,0
2020/10/10,17:14:30,11374.80000000,0
2020/10/10,17:14:30,11374.80000000,0
2020/10/10,17:14:31,11374.70000000,0
2020/10/10,17:14:32,11374.80000000,0
2020/10/10,17:14:32,11374.70000000,0
2020/10/10,17:14:33,11374.70000000,0
2020/10/10,17:14:33,11374.70000000,0
2020/10/10,17:14:33,11374.70000000,0
2020/10/10,17:14:34,11374.70000000,0
2020/10/10,17:14:34,11374.70000000,0
2020/10/10,17:14:36,11374.70000000,0
2020/10/10,17:14:36,11374.70000000,0
2020/10/10,17:14:37,11374.70000000,0
2020/10/10,17:14:37,11374.70000000,0
2020/10/10,17:14:37,11374.70000000,0
2020/10/10,17:14:38,11372.90000000,0
2020/10/10,17:14:39,11372.90000000,0
2020/10/10,17:14:39,11373.70000000,0
2020/10/10,17:14:39,11374.70000000,0
2020/10/10,17:14:40,11374.70000000,0
2020/10/10,17:14:41,11372.90000000,0
2020/10/10,17:14:42,11371.90000000,0
2020/10/10,17:14:42,11371.90000000,0
2020/10/10,17:14:42,11371.90000000,0
2020/10/10,17:14:42,11371.90000000,0
2020/10/10,17:14:43,11371.90000000,0
2020/10/10,17:14:44,11371.90000000,0
2020/10/10,17:14:44,11371.90000000,0
2020/10/10,17:14:46,11371.90000000,0
2020/10/10,17:14:46,11371.90000000,0
2020/10/10,17:14:46,11371.90000000,0
2020/10/10,17:14:49,11372.00000000,0
2020/10/10,17:14:49,11371.90000000,0
2020/10/10,17:14:49,11372.00000000,0
2020/10/10,17:14:49,11372.00000000,0
2020/10/10,17:14:49,11371.90000000,0
2020/10/10,17:14:50,11371.90000000,0
2020/10/10,17:14:51,11371.90000000,0
2020/10/10,17:14:51,11371.90000000,0
2020/10/10,17:14:52,11371.90000000,0
2020/10/10,17:14:52,11371.90000000,0
2020/10/10,17:14:53,11371.90000000,0
2020/10/10,17:14:54,11371.90000000,0
2020/10/10,17:14:54,11371.90000000,0
2020/10/10,17:14:54,11371.90000000,0
2020/10/10,17:14:54,11371.90000000,0
2020/10/10,17:14:55,11371.90000000,0
2020/10/10,17:14:55,11372.00000000,0
2020/10/10,17:14:56,11372.00000000,0
2020/10/10,17:14:57,11372.00000000,0
2020/10/10,17:14:57,11371.90000000,0
2020/10/10,17:14:57,11371.90000000,0
2020/10/10,17:14:58,11371.90000000,0
2020/10/10,17:14:59,11371.90000000,0
2020/10/10,17:15:0,11371.90000000,0
2020/10/10,17:15:1,11371.90000000,0
2020/10/10,17:15:1,11371.90000000,0
2020/10/10,17:15:1,11371.90000000,0
2020/10/10,17:15:2,11372.10000000,0
2020/10/10,17:15:2,11372.10000000,0
2020/10/10,17:15:4,11372.10000000,0
2020/10/10,17:15:4,11372.10000000,0
2020/10/10,17:15:5,11372.10000000,0
2020/10/10,17:15:5,11372.10000000,0
2020/10/10,17:15:5,11372.20000000,0
2020/10/10,17:15:6,11372.10000000,0
2020/10/10,17:15:6,11372.20000000,0
2020/10/10,17:15:6,11372.10000000,0
2020/10/10,17:15:8,11372.10000000,0
2020/10/10,17:15:8,11372.10000000,0
2020/10/10,17:15:9,11372.10000000,0
2020/10/10,17:15:9,11372.10000000,0
2020/10/10,17:15:10,11372.20000000,0
2020/10/10,17:15:10,11372.10000000,0
2020/10/10,17:15:10,11372.10000000,0
2020/10/10,17:15:11,11372.10000000,0
2020/10/10,17:15:12,11372.10000000,0
2020/10/10,17:15:12,11372.10000000,0
2020/10/10,17:15:13,11372.10000000,0
2020/10/10,17:15:14,11372.10000000,0
2020/10/10,17:15:14,11372.20000000,0
2020/10/10,17:15:14,11372.10000000,0
2020/10/10,17:15:15,11372.20000000,0
2020/10/10,17:15:17,11372.10000000,0
2020/10/10,17:15:17,11370.60000000,0
2020/10/10,17:15:17,11372.10000000,0
2020/10/10,17:15:18,11370.60000000,0
2020/10/10,17:15:18,11370.60000000,0
2020/10/10,17:15:19,11370.60000000,0
2020/10/10,17:15:19,11370.60000000,0
2020/10/10,17:15:20,11370.60000000,0
2020/10/10,17:15:21,11370.00000000,0
2020/10/10,17:15:21,11370.00000000,0
2020/10/10,17:15:21,11370.00000000,0
2020/10/10,17:15:21,11370.00000000,0
2020/10/10,17:15:22,11370.00000000,0
2020/10/10,17:15:23,11370.00000000,0
2020/10/10,17:15:23,11370.00000000,0
2020/10/10,17:15:24,11370.00000000,0
2020/10/10,17:15:25,11369.90000000,0
2020/10/10,17:15:25,11369.90000000,0
2020/10/10,17:15:25,11370.00000000,0
2020/10/10,17:15:26,11370.00000000,0
2020/10/10,17:15:26,11369.90000000,0
2020/10/10,17:15:26,11370.60000000,0
2020/10/10,17:15:26,11370.00000000,0
2020/10/10,17:15:27,11369.90000000,0
2020/10/10,17:15:28,11370.00000000,0
2020/10/10,17:15:28,11370.00000000,0
2020/10/10,17:15:28,11370.00000000,0
2020/10/10,17:15:29,11370.00000000,0
2020/10/10,17:15:29,11372.10000000,0
2020/10/10,17:15:29,11370.00000000,0
2020/10/10,17:15:30,11369.90000000,0
2020/10/10,17:15:30,11369.90000000,0
2020/10/10,17:15:31,11369.90000000,0
2020/10/10,17:15:32,11369.90000000,0
2020/10/10,17:15:32,11369.90000000,0
2020/10/10,17:15:32,11369.90000000,0
2020/10/10,17:15:34,11369.90000000,0
2020/10/10,17:15:35,11369.90000000,0
2020/10/10,17:15:35,11369.90000000,0
2020/10/10,17:15:36,11369.90000000,0
2020/10/10,17:15:36,11369.90000000,0
2020/10/10,17:15:36,11369.90000000,0
2020/10/10,17:15:36,11369.90000000,0
2020/10/10,17:15:37,11369.90000000,0
2020/10/10,17:15:38,11369.90000000,0
2020/10/10,17:15:38,11369.90000000,0
2020/10/10,17:15:39,11369.90000000,0
2020/10/10,17:15:39,11369.90000000,0
2020/10/10,17:15:40,11369.90000000,0
2020/10/10,17:15:40,11369.90000000,0
2020/10/10,17:15:41,11370.00000000,0
2020/10/10,17:15:41,11370.00000000,0
2020/10/10,17:15:41,11370.00000000,0
2020/10/10,17:15:42,11370.00000000,0
2020/10/10,17:15:42,11368.90000000,0
2020/10/10,17:15:43,11368.10000000,0
2020/10/10,17:15:43,11368.10000000,0
2020/10/10,17:15:44,11368.90000000,0
2020/10/10,17:15:45,11368.10000000,0
2020/10/10,17:15:45,11368.10000000,0
2020/10/10,17:15:45,11368.10000000,0
2020/10/10,17:15:47,11368.10000000,0
2020/10/10,17:15:48,11368.10000000,0
2020/10/10,17:15:49,11368.10000000,0
2020/10/10,17:15:49,11368.10000000,0
2020/10/10,17:15:49,11368.10000000,0
2020/10/10,17:15:49,11368.10000000,0
2020/10/10,17:15:51,11368.10000000,0
2020/10/10,17:15:51,11368.20000000,0
2020/10/10,17:15:51,11368.20000000,0
2020/10/10,17:15:52,11368.20000000,0
2020/10/10,17:15:52,11367.90000000,0
2020/10/10,17:15:53,11368.20000000,0
2020/10/10,17:15:54,11367.90000000,0
2020/10/10,17:15:54,11368.20000000,0
2020/10/10,17:15:54,11368.00000000,0
2020/10/10,17:15:55,11368.00000000,0
2020/10/10,17:15:55,11367.90000000,0
2020/10/10,17:15:56,11367.90000000,0
2020/10/10,17:15:57,11368.00000000,0
2020/10/10,17:15:57,11367.90000000,0
2020/10/10,17:15:57,11367.90000000,0
2020/10/10,17:15:58,11367.90000000,0
2020/10/10,17:15:58,11367.90000000,0
2020/10/10,17:15:59,11367.90000000,0
2020/10/10,17:16:0,11367.90000000,0
2020/10/10,17:16:1,11367.90000000,0
2020/10/10,17:16:2,11367.90000000,0
2020/10/10,17:16:2,11367.90000000,0
2020/10/10,17:16:2,11367.90000000,0
2020/10/10,17:16:3,11367.90000000,0
2020/10/10,17:16:3,11367.90000000,0
2020/10/10,17:16:3,11367.90000000,0
2020/10/10,17:16:3,11367.90000000,0
2020/10/10,17:16:4,11367.90000000,0
2020/10/10,17:16:4,11367.90000000,0
2020/10/10,17:16:4,11367.90000000,0
2020/10/10,17:16:5,11367.90000000,0
2020/10/10,17:16:6,11367.90000000,0
2020/10/10,17:16:6,11367.90000000,0
2020/10/10,17:16:7,11367.90000000,0
2020/10/10,17:16:7,11367.90000000,0
2020/10/10,17:16:8,11367.90000000,0
2020/10/10,17:16:8,11367.90000000,0
2020/10/10,17:16:9,11367.90000000,0
2020/10/10,17:16:10,11367.90000000,0
2020/10/10,17:16:10,11367.90000000,0
2020/10/10,17:16:10,11367.90000000,0
2020/10/10,17:16:12,11367.90000000,0
2020/10/10,17:16:12,11367.90000000,0
2020/10/10,17:16:12,11367.90000000,0
2020/10/10,17:16:13,11367.90000000,0
2020/10/10,17:16:13,11367.90000000,0
2020/10/10,17:16:14,11367.90000000,0
2020/10/10,17:16:15,11368.00000000,0
2020/10/10,17:16:15,11367.90000000,0
2020/10/10,17:16:15,11367.90000000,0
2020/10/10,17:16:16,11368.00000000,0
2020/10/10,17:16:16,11368.00000000,0
2020/10/10,17:16:17,11367.90000000,0
2020/10/10,17:16:18,11368.00000000,0
2020/10/10,17:16:18,11368.00000000,0
2020/10/10,17:16:19,11368.00000000,0
2020/10/10,17:16:20,11368.00000000,0
2020/10/10,17:16:20,11368.00000000,0
2020/10/10,17:16:21,11368.00000000,0
2020/10/10,17:16:22,11368.00000000,0
2020/10/10,17:16:22,11368.00000000,0
2020/10/10,17:16:23,11368.00000000,0
2020/10/10,17:16:23,11368.00000000,0
2020/10/10,17:16:23,11368.00000000,0
2020/10/10,17:16:25,11368.00000000,0
2020/10/10,17:16:25,11368.00000000,0
2020/10/10,17:16:26,11367.90000000,0
2020/10/10,17:16:27,11368.00000000,0
2020/10/10,17:16:27,11367.80000000,0
2020/10/10,17:16:27,11367.90000000,0
2020/10/10,17:16:28,11367.80000000,0
2020/10/10,17:16:28,11367.80000000,0
2020/10/10,17:16:29,11367.80000000,0
2020/10/10,17:16:29,11367.80000000,0
2020/10/10,17:16:29,11367.80000000,0
2020/10/10,17:16:30,11367.90000000,0
2020/10/10,17:16:31,11367.80000000,0
2020/10/10,17:16:32,11367.80000000,0
2020/10/10,17:16:32,11367.80000000,0
2020/10/10,17:16:33,11367.80000000,0
2020/10/10,17:16:33,11367.80000000,0
2020/10/10,17:16:33,11367.80000000,0
2020/10/10,17:16:33,11367.80000000,0
2020/10/10,17:16:35,11367.80000000,0
2020/10/10,17:16:36,11367.80000000,0
2020/10/10,17:16:36,11367.80000000,0
2020/10/10,17:16:36,11367.80000000,0
2020/10/10,17:16:37,11367.80000000,0
2020/10/10,17:16:37,11367.80000000,0
2020/10/10,17:16:38,11367.80000000,0
2020/10/10,17:16:38,11367.80000000,0
2020/10/10,17:16:38,11367.80000000,0
2020/10/10,17:16:38,11367.80000000,0
2020/10/10,17:16:39,11367.80000000,0
2020/10/10,17:16:39,11367.80000000,0
2020/10/10,17:16:39,11367.80000000,0
2020/10/10,17:16:40,11367.80000000,0
2020/10/10,17:16:40,11367.80000000,0
2020/10/10,17:16:41,11367.80000000,0
2020/10/10,17:16:41,11367.80000000,0
2020/10/10,17:16:42,11367.80000000,0
2020/10/10,17:16:43,11367.40000000,0
2020/10/10,17:16:43,11367.80000000,0
2020/10/10,17:16:43,11367.80000000,0
2020/10/10,17:16:44,11367.80000000,0
2020/10/10,17:16:45,11367.40000000,0
2020/10/10,17:16:46,11367.40000000,0
2020/10/10,17:16:46,11367.40000000,0
2020/10/10,17:16:46,11367.40000000,0
2020/10/10,17:16:47,11367.40000000,0
2020/10/10,17:16:48,11367.40000000,0
2020/10/10,17:16:48,11367.40000000,0
2020/10/10,17:16:48,11367.50000000,0
2020/10/10,17:16:50,11367.50000000,0
2020/10/10,17:16:51,11367.50000000,0
2020/10/10,17:16:52,11367.50000000,0
2020/10/10,17:16:52,11367.50000000,0
2020/10/10,17:16:52,11367.50000000,0
2020/10/10,17:16:52,11367.50000000,0
2020/10/10,17:16:52,11367.50000000,0
2020/10/10,17:16:52,11367.50000000,0
2020/10/10,17:16:53,11367.50000000,0
2020/10/10,17:16:54,11367.50000000,0
2020/10/10,17:16:54,11367.50000000,0
2020/10/10,17:16:55,11367.50000000,0
2020/10/10,17:16:55,11367.50000000,0
2020/10/10,17:16:56,11367.50000000,0
2020/10/10,17:16:56,11367.50000000,0
2020/10/10,17:16:57,11367.50000000,0
2020/10/10,17:16:57,11367.50000000,0
2020/10/10,17:16:58,11367.50000000,0
2020/10/10,17:16:58,11367.50000000,0
2020/10/10,17:16:59,11367.50000000,0
2020/10/10,17:16:59,11367.50000000,0
2020/10/10,17:16:59,11367.50000000,0
2020/10/10,17:17:0,11367.50000000,0
2020/10/10,17:17:0,11367.50000000,0
2020/10/10,17:17:1,11367.50000000,0
2020/10/10,17:17:2,11367.50000000,0
2020/10/10,17:17:2,11367.50000000,0
2020/10/10,17:17:2,11367.50000000,0
2020/10/10,17:17:3,11367.50000000,0
2020/10/10,17:17:3,11367.50000000,0
2020/10/10,17:17:5,11367.50000000,0
2020/10/10,17:17:5,11367.50000000,0
2020/10/10,17:17:7,11367.50000000,0
2020/10/10,17:17:7,11367.50000000,0
2020/10/10,17:17:7,11367.40000000,0
2020/10/10,17:17:7,11367.50000000,0
2020/10/10,17:17:7,11367.50000000,0
2020/10/10,17:17:8,11367.40000000,0
2020/10/10,17:17:8,11367.40000000,0
2020/10/10,17:17:8,11367.40000000,0
2020/10/10,17:17:10,11367.40000000,0
2020/10/10,17:17:10,11367.40000000,0
2020/10/10,17:17:10,11367.40000000,0
2020/10/10,17:17:11,11367.40000000,0
2020/10/10,17:17:11,11367.40000000,0
2020/10/10,17:17:12,11367.40000000,0
2020/10/10,17:17:12,11367.40000000,0
2020/10/10,17:17:12,11367.40000000,0
2020/10/10,17:17:13,11367.40000000,0
2020/10/10,17:17:14,11367.40000000,0
2020/10/10,17:17:14,11367.40000000,0
2020/10/10,17:17:14,11367.40000000,0
2020/10/10,17:17:16,11367.40000000,0
2020/10/10,17:17:16,11367.40000000,0
2020/10/10,17:17:17,11367.40000000,0
2020/10/10,17:17:17,11367.50000000,0
2020/10/10,17:17:17,11367.50000000,0
2020/10/10,17:17:18,11367.40000000,0
2020/10/10,17:17:19,11367.50000000,0
2020/10/10,17:17:20,11367.50000000,0
2020/10/10,17:17:20,11367.40000000,0
2020/10/10,17:17:20,11367.50000000,0
2020/10/10,17:17:21,11367.40000000,0
2020/10/10,17:17:22,11367.40000000,0
2020/10/10,17:17:22,11367.40000000,0
2020/10/10,17:17:22,11367.40000000,0
2020/10/10,17:17:23,11367.40000000,0
2020/10/10,17:17:24,11367.40000000,0
2020/10/10,17:17:24,11367.40000000,0
2020/10/10,17:17:25,11367.40000000,0
2020/10/10,17:17:25,11367.40000000,0
2020/10/10,17:17:26,11367.40000000,0
2020/10/10,17:17:26,11367.40000000,0
2020/10/10,17:17:28,11367.50000000,0
2020/10/10,17:17:28,11367.50000000,0
2020/10/10,17:17:28,11367.50000000,0
2020/10/10,17:17:29,11367.50000000,0
2020/10/10,17:17:30,11367.50000000,0
2020/10/10,17:17:30,11367.50000000,0
2020/10/10,17:17:31,11367.50000000,0
2020/10/10,17:17:31,11367.50000000,0
2020/10/10,17:17:31,11367.50000000,0
2020/10/10,17:17:32,11367.50000000,0
2020/10/10,17:17:33,11367.50000000,0
2020/10/10,17:17:33,11367.50000000,0
2020/10/10,17:17:33,11367.50000000,0
2020/10/10,17:17:33,11367.50000000,0
2020/10/10,17:17:35,11367.50000000,0
2020/10/10,17:17:35,11367.50000000,0
2020/10/10,17:17:35,11367.50000000,0
2020/10/10,17:17:35,11367.50000000,0
2020/10/10,17:17:36,11367.50000000,0
2020/10/10,17:17:37,11367.40000000,0
2020/10/10,17:17:37,11367.40000000,0
2020/10/10,17:17:37,11367.40000000,0
2020/10/10,17:17:38,11367.40000000,0
2020/10/10,17:17:38,11367.40000000,0
2020/10/10,17:17:39,11367.40000000,0
2020/10/10,17:17:40,11367.40000000,0
2020/10/10,17:17:40,11367.40000000,0
2020/10/10,17:17:41,11369.50000000,0
2020/10/10,17:17:41,11367.50000000,0
2020/10/10,17:17:41,11367.40000000,0
2020/10/10,17:17:41,11367.50000000,0
2020/10/10,17:17:42,11369.50000000,0
2020/10/10,17:17:43,11370.10000000,0
2020/10/10,17:17:43,11369.50000000,0
2020/10/10,17:17:44,11370.10000000,0
2020/10/10,17:17:45,11369.50000000,0
2020/10/10,17:17:46,11370.20000000,0
2020/10/10,17:17:46,11370.20000000,0
2020/10/10,17:17:46,11370.20000000,0
2020/10/10,17:17:47,11370.20000000,0
2020/10/10,17:17:47,11370.20000000,0
2020/10/10,17:17:48,11370.20000000,0
2020/10/10,17:17:48,11370.20000000,0
2020/10/10,17:17:48,11370.20000000,0
2020/10/10,17:17:49,11370.10000000,0
2020/10/10,17:17:50,11370.10000000,0
2020/10/10,17:17:50,11370.10000000,0
2020/10/10,17:17:51,11370.10000000,0
2020/10/10,17:17:52,11370.10000000,0
2020/10/10,17:17:52,11370.10000000,0
2020/10/10,17:17:53,11370.10000000,0
2020/10/10,17:17:53,11370.10000000,0
2020/10/10,17:17:54,11370.10000000,0
2020/10/10,17:17:54,11370.10000000,0
2020/10/10,17:17:54,11370.10000000,0
2020/10/10,17:17:55,11370.20000000,0
2020/10/10,17:17:56,11370.20000000,0
2020/10/10,17:17:56,11370.20000000,0
2020/10/10,17:17:57,11370.20000000,0
2020/10/10,17:17:57,11370.20000000,0
2020/10/10,17:17:57,11370.20000000,0
2020/10/10,17:17:58,11370.20000000,0
2020/10/10,17:17:59,11370.20000000,0
2020/10/10,17:17:59,11370.20000000,0
2020/10/10,17:18:0,11370.20000000,0
2020/10/10,17:18:0,11370.20000000,0
2020/10/10,17:18:1,11370.20000000,0
2020/10/10,17:18:1,11370.20000000,0
2020/10/10,17:18:2,11370.20000000,0
2020/10/10,17:18:3,11370.20000000,0
2020/10/10,17:18:3,11370.20000000,0
2020/10/10,17:18:3,11370.20000000,0
2020/10/10,17:18:4,11370.20000000,0
2020/10/10,17:18:5,11370.20000000,0
2020/10/10,17:18:5,11370.20000000,0
2020/10/10,17:18:5,11370.20000000,0
2020/10/10,17:18:7,11370.10000000,0
2020/10/10,17:18:9,11370.10000000,0
2020/10/10,17:18:9,11370.10000000,0
2020/10/10,17:18:9,11370.20000000,0
2020/10/10,17:18:9,11370.20000000,0
2020/10/10,17:18:10,11370.20000000,0
2020/10/10,17:18:12,11370.20000000,0
2020/10/10,17:43:1,11357.80000000,0
2020/10/10,17:43:2,11357.80000000,0
2020/10/10,17:43:2,11357.80000000,0
2020/10/10,17:43:3,11357.80000000,0
2020/10/10,17:43:3,11357.80000000,0
2020/10/10,17:43:4,11357.90000000,0
2020/10/10,17:43:4,11357.80000000,0
2020/10/10,17:43:4,11357.90000000,0
2020/10/10,17:43:4,11357.30000000,0
2020/10/10,17:43:4,11357.80000000,0
2020/10/10,17:43:5,11357.30000000,0
2020/10/10,17:43:5,11357.90000000,0
2020/10/10,17:43:5,11357.80000000,0
2020/10/10,17:43:5,11357.80000000,0
2020/10/10,17:43:6,11357.90000000,0
2020/10/10,17:43:6,11357.30000000,0
2020/10/10,17:43:6,11357.30000000,0
2020/10/10,17:43:6,11357.30000000,0
2020/10/10,17:43:6,11357.30000000,0
2020/10/10,17:43:6,11357.30000000,0
2020/10/10,17:43:6,11357.90000000,0
2020/10/10,17:43:7,11357.30000000,0
2020/10/10,17:43:7,11357.40000000,0
2020/10/10,17:43:7,11357.30000000,0
2020/10/10,17:43:8,11357.30000000,0
2020/10/10,17:43:8,11357.40000000,0
2020/10/10,17:43:9,11357.30000000,0
2020/10/10,17:43:9,11357.40000000,0
2020/10/10,17:43:9,11357.40000000,0
2020/10/10,17:43:9,11357.40000000,0
2020/10/10,17:43:9,11357.40000000,0
2020/10/10,17:43:9,11357.40000000,0
2020/10/10,17:43:9,11357.30000000,0
2020/10/10,17:43:9,11357.40000000,0
2020/10/10,17:43:10,11357.40000000,0
2020/10/10,17:43:10,11356.10000000,0
2020/10/10,17:43:10,11356.10000000,0
2020/10/10,17:43:11,11357.40000000,0
2020/10/10,17:43:11,11356.10000000,0
2020/10/10,17:43:11,11356.10000000,0
2020/10/10,17:43:11,11356.10000000,0
2020/10/10,17:43:12,11356.10000000,0
2020/10/10,17:43:12,11356.10000000,0
2020/10/10,17:43:12,11356.10000000,0
2020/10/10,17:43:12,11356.10000000,0
2020/10/10,17:43:13,11356.10000000,0
2020/10/10,17:43:13,11356.10000000,0
2020/10/10,17:43:13,11356.10000000,0
2020/10/10,17:43:14,11356.10000000,0
2020/10/10,17:43:14,11356.10000000,0
2020/10/10,17:43:14,11356.10000000,0
2020/10/10,17:43:14,11356.10000000,0
2020/10/10,17:43:15,11356.10000000,0
2020/10/10,17:43:15,11356.10000000,0
2020/10/10,17:43:15,11356.10000000,0
2020/10/10,17:43:16,11356.10000000,0
2020/10/10,17:43:16,11356.10000000,0
2020/10/10,17:43:16,11356.10000000,0
2020/10/10,17:43:16,11356.10000000,0
2020/10/10,17:43:17,11356.10000000,0
2020/10/10,17:43:17,11356.10000000,0
2020/10/10,17:43:17,11356.10000000,0
2020/10/10,17:43:17,11356.10000000,0
2020/10/10,17:43:17,11356.10000000,0
2020/10/10,17:43:17,11356.10000000,0
2020/10/10,17:43:18,11356.10000000,0
2020/10/10,17:43:18,11356.10000000,0
2020/10/10,17:43:19,11356.10000000,0
2020/10/10,17:43:19,11356.10000000,0
2020/10/10,17:43:20,11356.10000000,0
2020/10/10,17:43:20,11356.10000000,0
2020/10/10,17:43:21,11356.10000000,0
2020/10/10,17:43:21,11356.10000000,0
2020/10/10,17:43:21,11356.10000000,0
2020/10/10,17:43:21,11356.10000000,0
2020/10/10,17:43:21,11356.10000000,0
2020/10/10,17:43:21,11356.10000000,0
2020/10/10,17:43:21,11356.20000000,0
2020/10/10,17:43:22,11356.10000000,0
2020/10/10,17:43:22,11356.10000000,0
2020/10/10,17:43:22,11356.20000000,0
2020/10/10,17:43:22,11356.10000000,0
2020/10/10,17:43:23,11356.20000000,0
2020/10/10,17:43:23,11356.10000000,0
2020/10/10,17:43:23,11356.20000000,0
2020/10/10,17:43:24,11356.20000000,0
2020/10/10,17:43:24,11356.10000000,0
2020/10/10,17:43:25,11356.20000000,0
2020/10/10,17:43:25,11356.20000000,0
2020/10/10,17:43:25,11356.20000000,0
2020/10/10,17:43:26,11356.20000000,0
2020/10/10,17:43:26,11356.20000000,0
2020/10/10,17:43:28,11355.40000000,0
2020/10/10,17:43:28,11355.40000000,0
2020/10/10,17:43:28,11356.10000000,0
2020/10/10,17:43:29,11356.20000000,0
2020/10/10,17:43:29,11355.20000000,0
2020/10/10,17:43:29,11355.40000000,0
2020/10/10,17:43:29,11355.40000000,0
2020/10/10,17:43:30,11355.20000000,0
2020/10/10,17:43:30,11355.20000000,0
2020/10/10,17:43:31,11354.70000000,0
2020/10/10,17:43:32,11355.20000000,0
2020/10/10,17:43:33,11354.70000000,0
2020/10/10,17:43:33,11354.70000000,0
2020/10/10,17:43:34,11354.70000000,0
2020/10/10,17:43:34,11354.70000000,0
2020/10/10,17:43:34,11354.70000000,0
2020/10/10,17:43:35,11354.70000000,0
2020/10/10,17:43:35,11354.70000000,0
2020/10/10,17:43:36,11354.70000000,0
2020/10/10,17:43:36,11354.70000000,0
2020/10/10,17:43:37,11354.70000000,0
2020/10/10,17:43:37,11354.70000000,0
2020/10/10,17:43:37,11354.70000000,0
2020/10/10,17:43:39,11354.60000000,0
2020/10/10,17:43:39,11354.70000000,0
2020/10/10,17:43:39,11354.20000000,0
2020/10/10,17:43:40,11354.60000000,0
2020/10/10,17:43:40,11354.20000000,0
2020/10/10,17:43:41,11354.20000000,0
2020/10/10,17:43:42,11354.20000000,0
2020/10/10,17:43:42,11354.20000000,0
2020/10/10,17:43:42,11354.20000000,0
2020/10/10,17:43:43,11354.20000000,0
2020/10/10,17:43:43,11354.20000000,0
2020/10/10,17:43:43,11354.20000000,0
2020/10/10,17:43:44,11353.60000000,0
2020/10/10,17:43:45,11354.20000000,0
2020/10/10,17:43:45,11353.60000000,0
2020/10/10,17:43:45,11354.20000000,0
2020/10/10,17:43:46,11353.60000000,0
2020/10/10,17:43:48,11352.60000000,0
2020/10/10,17:43:48,11353.60000000,0
2020/10/10,17:43:48,11353.60000000,0
2020/10/10,17:43:48,11353.60000000,0
2020/10/10,17:43:49,11352.60000000,0
2020/10/10,17:43:50,11352.60000000,0
2020/10/10,17:43:50,11352.60000000,0
2020/10/10,17:43:51,11352.60000000,0
2020/10/10,17:43:51,11352.60000000,0
2020/10/10,17:43:51,11352.60000000,0
2020/10/10,17:43:52,11353.60000000,0
2020/10/10,17:43:53,11353.60000000,0
2020/10/10,17:43:53,11352.60000000,0
2020/10/10,17:43:54,11353.60000000,0
2020/10/10,17:43:54,11353.60000000,0
2020/10/10,17:43:55,11353.60000000,0
2020/10/10,17:43:55,11352.60000000,0
2020/10/10,17:43:56,11353.60000000,0
2020/10/10,17:43:56,11353.60000000,0
2020/10/10,17:43:56,11353.70000000,0
2020/10/10,17:43:57,11355.50000000,0
2020/10/10,17:43:58,11356.60000000,0
2020/10/10,17:43:59,11355.40000000,0
2020/10/10,17:43:59,11355.40000000,0
2020/10/10,17:44:0,11355.40000000,0
2020/10/10,17:44:0,11355.40000000,0
2020/10/10,17:44:0,11355.40000000,0
2020/10/10,17:44:1,11355.40000000,0
2020/10/10,17:44:1,11355.40000000,0
2020/10/10,17:44:2,11354.40000000,0
2020/10/10,17:44:2,11355.40000000,0
2020/10/10,17:44:2,11354.40000000,0
2020/10/10,17:44:3,11354.40000000,0
2020/10/10,17:44:3,11354.40000000,0
2020/10/10,17:44:4,11353.70000000,0
2020/10/10,17:44:4,11353.70000000,0
2020/10/10,17:44:6,11353.70000000,0
2020/10/10,17:44:6,11353.70000000,0
2020/10/10,17:44:7,11353.40000000,0
2020/10/10,17:44:8,11353.40000000,0
2020/10/10,17:44:8,11353.40000000,0
2020/10/10,17:44:8,11353.40000000,0
2020/10/10,17:44:9,11353.40000000,0
2020/10/10,17:44:10,11353.30000000,0
2020/10/10,17:44:10,11353.30000000,0
2020/10/10,17:44:10,11353.30000000,0
2020/10/10,17:44:10,11353.40000000,0
2020/10/10,17:44:11,11353.40000000,0
2020/10/10,17:44:11,11353.30000000,0
2020/10/10,17:44:12,11353.30000000,0
2020/10/10,17:44:13,11353.00000000,0
2020/10/10,17:44:13,11353.10000000,0
2020/10/10,17:44:13,11353.30000000,0
2020/10/10,17:44:13,11353.30000000,0
2020/10/10,17:44:14,11353.00000000,0
2020/10/10,17:44:15,11353.10000000,0
2020/10/10,17:44:15,11353.10000000,0
2020/10/10,17:44:15,11353.10000000,0
2020/10/10,17:44:16,11353.10000000,0
2020/10/10,17:44:17,11353.00000000,0
2020/10/10,17:44:18,11352.90000000,0
2020/10/10,17:44:18,11353.00000000,0
2020/10/10,17:44:18,11353.00000000,0
2020/10/10,17:44:18,11353.30000000,0
2020/10/10,17:44:19,11352.90000000,0
2020/10/10,17:44:19,11353.00000000,0
2020/10/10,17:44:20,11352.80000000,0
2020/10/10,17:44:21,11352.80000000,0
2020/10/10,17:44:22,11352.80000000,0
2020/10/10,17:44:23,11352.90000000,0
2020/10/10,17:44:23,11352.80000000,0
2020/10/10,17:44:23,11352.80000000,0
2020/10/10,17:44:23,11352.80000000,0
2020/10/10,17:44:23,11352.80000000,0
2020/10/10,17:44:24,11352.80000000,0
2020/10/10,17:44:25,11352.80000000,0
2020/10/10,17:44:26,11352.80000000,0
2020/10/10,17:44:27,11352.80000000,0
2020/10/10,17:44:27,11352.80000000,0
2020/10/10,17:44:27,11352.80000000,0
2020/10/10,17:44:28,11352.80000000,0
2020/10/10,17:44:28,11352.80000000,0
2020/10/10,17:44:29,11352.80000000,0
2020/10/10,17:44:29,11352.70000000,0
2020/10/10,17:44:30,11352.70000000,0
2020/10/10,17:44:30,11352.70000000,0
2020/10/10,17:44:31,11352.70000000,0
2020/10/10,17:44:32,11352.70000000,0
2020/10/10,17:44:32,11352.20000000,0
2020/10/10,17:44:33,11352.20000000,0
2020/10/10,17:44:33,11352.20000000,0
2020/10/10,17:44:33,11352.20000000,0
2020/10/10,17:44:34,11352.20000000,0
2020/10/10,17:44:34,11352.20000000,0
2020/10/10,17:44:34,11352.20000000,0
2020/10/10,17:44:34,11352.20000000,0
2020/10/10,17:44:34,11352.20000000,0
2020/10/10,17:44:35,11352.20000000,0
2020/10/10,17:44:36,11352.20000000,0
2020/10/10,17:44:36,11352.20000000,0
2020/10/10,17:44:36,11352.20000000,0
2020/10/10,17:44:37,11352.20000000,0
2020/10/10,17:44:37,11353.20000000,0
2020/10/10,17:44:38,11353.20000000,0
2020/10/10,17:44:38,11352.20000000,0
2020/10/10,17:44:39,11353.20000000,0
2020/10/10,17:44:40,11353.20000000,0
2020/10/10,17:44:40,11355.20000000,0
2020/10/10,17:44:40,11354.60000000,0
2020/10/10,17:44:41,11354.60000000,0
2020/10/10,17:44:42,11354.60000000,0
2020/10/10,17:44:42,11354.60000000,0
2020/10/10,17:44:43,11354.60000000,0
2020/10/10,17:44:44,11354.60000000,0
2020/10/10,17:44:44,11354.60000000,0
2020/10/10,17:44:44,11354.60000000,0
2020/10/10,17:44:44,11354.60000000,0
2020/10/10,17:44:45,11354.60000000,0
2020/10/10,17:44:46,11354.60000000,0
2020/10/10,17:44:47,11354.60000000,0
2020/10/10,17:44:47,11354.60000000,0
2020/10/10,17:44:47,11354.30000000,0
2020/10/10,17:44:47,11354.60000000,0
2020/10/10,17:44:48,11354.30000000,0
2020/10/10,17:44:49,11354.30000000,0
2020/10/10,17:44:49,11354.30000000,0
2020/10/10,17:44:49,11354.30000000,0
2020/10/10,17:44:50,11354.30000000,0
2020/10/10,17:44:51,11354.30000000,0
2020/10/10,17:44:52,11353.60000000,0
2020/10/10,17:44:52,11353.60000000,0
2020/10/10,17:44:53,11353.60000000,0
2020/10/10,17:44:53,11353.60000000,0
2020/10/10,17:44:53,11353.60000000,0
2020/10/10,17:44:54,11353.60000000,0
2020/10/10,17:44:54,11353.60000000,0
2020/10/10,17:44:55,11353.60000000,0
2020/10/10,17:44:55,11353.60000000,0
2020/10/10,17:44:55,11353.60000000,0
2020/10/10,17:44:56,11353.00000000,0
2020/10/10,17:44:57,11353.00000000,0
2020/10/10,17:44:57,11352.80000000,0
2020/10/10,17:44:57,11353.00000000,0
2020/10/10,17:44:58,11352.80000000,0
2020/10/10,17:44:59,11352.80000000,0
2020/10/10,17:44:59,11352.80000000,0
2020/10/10,17:44:59,11353.10000000,0
2020/10/10,17:45:0,11352.80000000,0
2020/10/10,17:45:1,11352.80000000,0
2020/10/10,17:45:1,11352.80000000,0
2020/10/10,17:47:2,11304.60000000,0
2020/10/10,17:47:2,11301.60000000,0
2020/10/10,17:47:3,11299.40000000,0
2020/10/10,17:47:3,11304.60000000,0
2020/10/10,17:47:3,11305.60000000,0
2020/10/10,17:47:4,11295.90000000,0
2020/10/10,17:47:4,11295.20000000,0
2020/10/10,17:47:4,11295.90000000,0
2020/10/10,17:47:4,11299.40000000,0
2020/10/10,17:47:5,11299.40000000,0
2020/10/10,17:47:5,11291.60000000,0
2020/10/10,17:47:6,11299.90000000,0
2020/10/10,17:47:6,11295.20000000,0
2020/10/10,17:47:6,11294.50000000,0
2020/10/10,17:47:6,11291.60000000,0
2020/10/10,17:47:7,11299.40000000,0
2020/10/10,17:47:7,11300.00000000,0
2020/10/10,17:47:7,11301.00000000,0
2020/10/10,17:47:8,11301.00000000,0
2020/10/10,17:47:8,11290.80000000,0
2020/10/10,17:47:8,11290.80000000,0
2020/10/10,17:47:8,11299.80000000,0
2020/10/10,17:47:9,11301.40000000,0
2020/10/10,17:47:9,11301.00000000,0
2020/10/10,17:47:9,11299.80000000,0
2020/10/10,17:47:9,11301.00000000,0
2020/10/10,17:47:9,11301.50000000,0
2020/10/10,17:47:10,11295.90000000,0
2020/10/10,17:47:10,11301.60000000,0
2020/10/10,17:47:10,11294.50000000,0
2020/10/10,17:47:11,11301.60000000,0
2020/10/10,17:47:11,11301.60000000,0
2020/10/10,17:47:11,11300.00000000,0
2020/10/10,17:47:11,11301.40000000,0
2020/10/10,17:47:11,11297.70000000,0
2020/10/10,17:47:11,11300.00000000,0
2020/10/10,17:47:11,11300.00000000,0
2020/10/10,17:47:12,11301.50000000,0
2020/10/10,17:47:12,11301.60000000,0
2020/10/10,17:47:12,11301.60000000,0
2020/10/10,17:47:12,11300.00000000,0
2020/10/10,17:47:12,11299.70000000,0
2020/10/10,17:47:13,11299.70000000,0
2020/10/10,17:47:13,11299.70000000,0
2020/10/10,17:47:13,11297.80000000,0
2020/10/10,17:47:14,11297.70000000,0
2020/10/10,17:47:14,11299.70000000,0
2020/10/10,17:47:14,11301.70000000,0
2020/10/10,17:47:14,11299.70000000,0
2020/10/10,17:47:14,11303.70000000,0
2020/10/10,17:47:14,11303.10000000,0
2020/10/10,17:47:15,11301.70000000,0
2020/10/10,17:47:15,11303.10000000,0
2020/10/10,17:47:16,11302.90000000,0
2020/10/10,17:47:16,11302.90000000,0
2020/10/10,17:47:17,11303.10000000,0
2020/10/10,17:47:17,11302.90000000,0
2020/10/10,17:47:17,11299.70000000,0
2020/10/10,17:47:17,11302.90000000,0
2020/10/10,17:47:18,11302.90000000,0
2020/10/10,17:47:18,11299.70000000,0
2020/10/10,17:47:18,11299.70000000,0
2020/10/10,17:47:18,11302.90000000,0
2020/10/10,17:47:18,11299.70000000,0
2020/10/10,17:47:18,11299.70000000,0
2020/10/10,17:47:18,11299.70000000,0
2020/10/10,17:47:19,11302.90000000,0
2020/10/10,17:47:19,11299.70000000,0
2020/10/10,17:47:19,11303.20000000,0
2020/10/10,17:47:20,11299.70000000,0
2020/10/10,17:47:20,11301.30000000,0
2020/10/10,17:47:20,11299.70000000,0
2020/10/10,17:47:20,11301.30000000,0
2020/10/10,17:47:20,11299.70000000,0
2020/10/10,17:47:20,11303.20000000,0
2020/10/10,17:47:21,11301.30000000,0
2020/10/10,17:47:21,11302.90000000,0
2020/10/10,17:47:22,11302.90000000,0
2020/10/10,17:47:23,11304.50000000,0
2020/10/10,17:47:23,11302.90000000,0
2020/10/10,17:47:23,11301.30000000,0
2020/10/10,17:47:23,11301.30000000,0
2020/10/10,17:47:23,11305.50000000,0
2020/10/10,17:47:24,11304.50000000,0
2020/10/10,17:47:24,11304.50000000,0
2020/10/10,17:47:24,11304.50000000,0
2020/10/10,17:47:24,11304.70000000,0
2020/10/10,17:47:25,11305.50000000,0
2020/10/10,17:47:25,11305.50000000,0
2020/10/10,17:47:26,11305.50000000,0
2020/10/10,17:47:27,11305.50000000,0
2020/10/10,17:47:27,11317.10000000,0
2020/10/10,17:47:27,11313.50000000,0
2020/10/10,17:47:28,11313.50000000,0
2020/10/10,17:47:29,11318.30000000,0
2020/10/10,17:47:29,11316.30000000,0
2020/10/10,17:47:29,11324.40000000,0
2020/10/10,17:47:30,11323.90000000,0
2020/10/10,17:47:30,11323.80000000,0
2020/10/10,17:47:31,11323.80000000,0
2020/10/10,17:47:33,11323.80000000,0
2020/10/10,17:47:33,11317.20000000,0
2020/10/10,17:47:34,11317.20000000,0
2020/10/10,17:47:34,11319.10000000,0
2020/10/10,17:47:34,11319.10000000,0
2020/10/10,17:47:35,11319.10000000,0
2020/10/10,17:47:35,11316.10000000,0
2020/10/10,17:47:35,11319.10000000,0
2020/10/10,17:47:36,11321.10000000,0
2020/10/10,17:47:37,11322.60000000,0
2020/10/10,17:47:37,11322.60000000,0
2020/10/10,17:47:37,11321.10000000,0
2020/10/10,17:47:39,11322.70000000,0
2020/10/10,17:47:40,11322.60000000,0
2020/10/10,17:47:40,11316.10000000,0
2020/10/10,17:47:40,11322.70000000,0
2020/10/10,17:47:41,11322.60000000,0
2020/10/10,17:47:41,11321.60000000,0
2020/10/10,17:47:41,11322.70000000,0
2020/10/10,17:47:42,11322.50000000,0
2020/10/10,17:47:43,11317.80000000,0
2020/10/10,17:47:43,11321.60000000,0
2020/10/10,17:47:43,11317.80000000,0
2020/10/10,17:47:44,11317.70000000,0
2020/10/10,17:47:44,11317.70000000,0
2020/10/10,17:47:45,11317.70000000,0
2020/10/10,17:47:45,11315.50000000,0
2020/10/10,17:47:46,11314.10000000,0
2020/10/10,17:47:47,11308.80000000,0
2020/10/10,17:47:48,11308.80000000,0
2020/10/10,17:47:49,11305.10000000,0
2020/10/10,17:47:49,11307.20000000,0
2020/10/10,17:47:49,11307.20000000,0
2020/10/10,17:47:49,11308.80000000,0
2020/10/10,17:47:49,11307.20000000,0
2020/10/10,17:47:49,11307.10000000,0
2020/10/10,17:47:50,11302.70000000,0
2020/10/10,17:47:50,11307.20000000,0
2020/10/10,17:47:51,11302.70000000,0
2020/10/10,17:47:51,11302.70000000,0
2020/10/10,17:47:53,11302.70000000,0
2020/10/10,17:47:53,11302.70000000,0
2020/10/10,17:47:53,11302.70000000,0
2020/10/10,17:47:53,11304.50000000,0
2020/10/10,17:47:53,11305.40000000,0
2020/10/10,17:47:55,11304.80000000,0
2020/10/10,17:47:55,11305.40000000,0
2020/10/10,17:47:55,11305.40000000,0
2020/10/10,17:47:56,11313.00000000,0
2020/10/10,17:47:56,11305.50000000,0
2020/10/10,17:47:56,11308.20000000,0
2020/10/10,17:47:57,11317.70000000,0
2020/10/10,17:47:59,11317.70000000,0
2020/10/10,17:47:59,11317.70000000,0
2020/10/10,17:47:59,11313.40000000,0
2020/10/10,17:48:0,11313.00000000,0
2020/10/10,17:48:1,11313.40000000,0
2020/10/10,17:48:1,11305.30000000,0
2020/10/10,17:48:2,11307.60000000,0
2020/10/10,17:48:2,11307.60000000,0
2020/10/10,17:48:2,11307.60000000,0
2020/10/10,17:48:3,11310.50000000,0
2020/10/10,17:48:3,11307.60000000,0
2020/10/10,17:48:3,11305.30000000,0
2020/10/10,17:48:4,11316.20000000,0
2020/10/10,17:48:4,11307.30000000,0
2020/10/10,17:48:5,11313.80000000,0
2020/10/10,17:48:6,11317.10000000,0
2020/10/10,17:48:6,11317.10000000,0
2020/10/10,17:48:7,11312.10000000,0
2020/10/10,17:48:7,11309.80000000,0
2020/10/10,17:48:7,11312.10000000,0
2020/10/10,17:48:7,11309.80000000,0
2020/10/10,17:48:8,11309.80000000,0
2020/10/10,17:48:8,11307.50000000,0
2020/10/10,17:48:10,11309.80000000,0
2020/10/10,17:48:10,11314.00000000,0
2020/10/10,17:48:12,11314.00000000,0
2020/10/10,17:48:12,11314.00000000,0
2020/10/10,17:48:12,11313.10000000,0
2020/10/10,17:48:13,11314.00000000,0
2020/10/10,17:48:13,11314.50000000,0
2020/10/10,17:48:13,11308.80000000,0
2020/10/10,17:48:14,11308.80000000,0
2020/10/10,17:48:14,11314.50000000,0
2020/10/10,17:48:15,11306.30000000,0
2020/10/10,17:48:15,11306.30000000,0
2020/10/10,17:48:15,11308.00000000,0
2020/10/10,17:48:16,11306.30000000,0
2020/10/10,17:48:17,11308.00000000,0
2020/10/10,17:48:17,11306.30000000,0
2020/10/10,17:48:17,11306.30000000,0
2020/10/10,17:48:17,11305.30000000,0
2020/10/10,17:48:19,11310.00000000,0
2020/10/10,17:48:20,11312.00000000,0
2020/10/10,17:48:20,11306.30000000,0
2020/10/10,17:48:20,11312.00000000,0
2020/10/10,17:48:20,11312.00000000,0
2020/10/10,17:48:20,11305.30000000,0
2020/10/10,17:48:22,11310.20000000,0
2020/10/10,17:48:23,11312.00000000,0
2020/10/10,17:48:23,11311.20000000,0
2020/10/10,17:48:23,11312.00000000,0
2020/10/10,17:48:23,11310.20000000,0
2020/10/10,17:48:23,11311.20000000,0
2020/10/10,17:48:24,11310.20000000,0
2020/10/10,17:48:25,11310.20000000,0
2020/10/10,17:48:25,11302.70000000,0
2020/10/10,17:48:27,11302.70000000,0
2020/10/10,17:48:27,11302.70000000,0
2020/10/10,17:48:28,11306.10000000,0
2020/10/10,17:48:28,11302.70000000,0
2020/10/10,17:48:29,11302.70000000,0
2020/10/10,17:48:29,11302.70000000,0
2020/10/10,17:48:30,11302.00000000,0
2020/10/10,17:48:30,11305.70000000,0
2020/10/10,17:48:30,11305.70000000,0
2020/10/10,17:48:31,11302.70000000,0
2020/10/10,17:48:31,11309.20000000,0
2020/10/10,17:48:32,11307.70000000,0
2020/10/10,17:48:32,11309.20000000,0
2020/10/10,17:48:32,11307.70000000,0
2020/10/10,17:48:32,11307.70000000,0
2020/10/10,17:48:33,11307.50000000,0
2020/10/10,17:48:34,11307.50000000,0
2020/10/10,17:48:35,11307.50000000,0
2020/10/10,17:48:35,11307.40000000,0
2020/10/10,17:48:35,11307.50000000,0
2020/10/10,17:48:36,11307.50000000,0
2020/10/10,17:48:37,11307.40000000,0
2020/10/10,17:48:37,11305.20000000,0
2020/10/10,17:48:38,11307.50000000,0
2020/10/10,17:48:38,11307.50000000,0
2020/10/10,17:48:38,11307.50000000,0
2020/10/10,17:48:38,11307.50000000,0
2020/10/10,17:48:39,11307.50000000,0
2020/10/10,17:48:39,11307.50000000,0
2020/10/10,17:48:40,11307.40000000,0
2020/10/10,17:48:40,11306.50000000,0
2020/10/10,17:48:41,11307.40000000,0
2020/10/10,17:48:42,11306.50000000,0
2020/10/10,17:48:42,11306.50000000,0
2020/10/10,17:48:43,11306.50000000,0
2020/10/10,17:48:43,11306.50000000,0
2020/10/10,17:48:44,11306.50000000,0
2020/10/10,17:48:44,11306.50000000,0
2020/10/10,17:48:44,11306.50000000,0
2020/10/10,17:48:46,11306.50000000,0
2020/10/10,17:48:47,11306.50000000,0
2020/10/10,17:48:47,11306.50000000,0
2020/10/10,17:48:47,11304.70000000,0
2020/10/10,17:48:48,11304.70000000,0
2020/10/10,17:48:49,11304.70000000,0
2020/10/10,17:48:49,11304.70000000,0
2020/10/10,17:48:49,11302.30000000,0
2020/10/10,17:48:49,11301.70000000,0
2020/10/10,17:48:50,11301.70000000,0
2020/10/10,17:48:50,11302.30000000,0
2020/10/10,17:48:50,11301.70000000,0
2020/10/10,17:48:51,11301.70000000,0
2020/10/10,17:48:52,11301.20000000,0
2020/10/10,17:48:52,11301.20000000,0
2020/10/10,17:48:52,11299.70000000,0
2020/10/10,17:48:53,11299.70000000,0
2020/10/10,17:48:53,11299.70000000,0
2020/10/10,17:48:54,11300.80000000,0
2020/10/10,17:48:54,11300.00000000,0
2020/10/10,17:48:55,11300.80000000,0
2020/10/10,17:48:55,11300.80000000,0
2020/10/10,17:48:57,11300.90000000,0
2020/10/10,17:48:57,11299.70000000,0
2020/10/10,17:48:59,11299.70000000,0
2020/10/10,17:48:59,11299.70000000,0
2020/10/10,17:49:0,11299.70000000,0
2020/10/10,17:49:0,11298.90000000,0
2020/10/10,17:49:1,11298.90000000,0
2020/10/10,17:49:1,11299.00000000,0
2020/10/10,17:49:1,11300.10000000,0
2020/10/10,17:49:2,11299.00000000,0
2020/10/10,17:49:2,11298.90000000,0
2020/10/10,17:49:2,11298.90000000,0
2020/10/10,17:49:2,11298.90000000,0
2020/10/10,17:49:3,11299.70000000,0
2020/10/10,17:49:3,11298.90000000,0
2020/10/10,17:49:4,11298.90000000,0
2020/10/10,17:49:4,11298.90000000,0
2020/10/10,17:49:5,11300.90000000,0
2020/10/10,17:49:5,11298.90000000,0
2020/10/10,17:49:5,11300.90000000,0
2020/10/10,17:49:6,11300.90000000,0
2020/10/10,17:49:7,11300.90000000,0
2020/10/10,17:49:7,11300.90000000,0
2020/10/10,17:49:8,11300.90000000,0
2020/10/10,17:49:8,11300.90000000,0
2020/10/10,17:49:9,11300.90000000,0
2020/10/10,17:49:9,11300.90000000,0
2020/10/10,17:49:10,11302.70000000,0
2020/10/10,17:49:10,11302.70000000,0
2020/10/10,17:49:11,11302.60000000,0
2020/10/10,17:49:11,11302.70000000,0
2020/10/10,17:49:11,11302.70000000,0
2020/10/10,17:49:13,11302.70000000,0
2020/10/10,17:49:13,11302.70000000,0
2020/10/10,17:49:13,11303.60000000,0
2020/10/10,17:49:13,11302.70000000,0
2020/10/10,17:49:14,11303.60000000,0
2020/10/10,17:49:14,11303.70000000,0
2020/10/10,17:49:14,11303.60000000,0
2020/10/10,17:49:15,11303.60000000,0
2020/10/10,17:49:16,11303.70000000,0
2020/10/10,17:49:16,11303.70000000,0
2020/10/10,17:49:17,11302.60000000,0
2020/10/10,17:49:17,11302.60000000,0
2020/10/10,17:49:19,11301.70000000,0
2020/10/10,17:49:19,11302.60000000,0
2020/10/10,17:49:20,11301.70000000,0
2020/10/10,17:49:20,11301.70000000,0
2020/10/10,17:49:20,11303.60000000,0
2020/10/10,17:49:21,11301.70000000,0
2020/10/10,17:49:21,11301.70000000,0
2020/10/10,17:49:22,11301.70000000,0
2020/10/10,17:49:22,11301.70000000,0
2020/10/10,17:49:23,11301.70000000,0
2020/10/10,17:49:23,11301.70000000,0
2020/10/10,17:49:24,11301.70000000,0
2020/10/10,17:49:24,11302.30000000,0
2020/10/10,17:49:25,11301.60000000,0
2020/10/10,17:49:25,11301.60000000,0
2020/10/10,17:49:26,11302.30000000,0
2020/10/10,17:49:27,11301.60000000,0
2020/10/10,17:49:28,11301.60000000,0
2020/10/10,17:49:28,11301.70000000,0
2020/10/10,17:49:28,11301.60000000,0
2020/10/10,17:49:28,11301.60000000,0
2020/10/10,17:49:29,11301.60000000,0
2020/10/10,17:49:29,11301.60000000,0
2020/10/10,17:49:30,11301.60000000,0
2020/10/10,17:49:31,11301.60000000,0
2020/10/10,17:49:31,11301.60000000,0
2020/10/10,17:49:32,11301.60000000,0
2020/10/10,17:49:32,11301.70000000,0
2020/10/10,17:49:32,11301.60000000,0
2020/10/10,17:49:34,11302.60000000,0
2020/10/10,17:49:34,11302.60000000,0
2020/10/10,17:49:34,11301.70000000,0
2020/10/10,17:49:34,11302.60000000,0
2020/10/10,17:49:35,11302.60000000,0
2020/10/10,17:49:35,11302.60000000,0
2020/10/10,17:49:37,11302.60000000,0
2020/10/10,17:49:37,11302.60000000,0
2020/10/10,17:49:37,11302.60000000,0
2020/10/10,17:49:38,11302.60000000,0
2020/10/10,17:49:38,11302.60000000,0
2020/10/10,17:49:38,11302.60000000,0
2020/10/10,17:49:38,11302.60000000,0
2020/10/10,17:49:39,11302.60000000,0
2020/10/10,17:49:39,11302.60000000,0
2020/10/10,17:49:41,11302.60000000,0
2020/10/10,17:49:42,11302.60000000,0
2020/10/10,17:49:42,11302.60000000,0
2020/10/10,17:49:43,11303.50000000,0
2020/10/10,17:49:44,11302.60000000,0
2020/10/10,17:49:44,11308.80000000,0
2020/10/10,17:49:44,11303.50000000,0
2020/10/10,17:49:45,11306.70000000,0
2020/10/10,17:49:45,11308.90000000,0
2020/10/10,17:49:45,11308.90000000,0
2020/10/10,17:49:46,11308.80000000,0
2020/10/10,17:49:46,11308.90000000,0
2020/10/10,17:49:47,11310.00000000,0
2020/10/10,17:49:47,11310.00000000,0
2020/10/10,17:49:47,11311.10000000,0
2020/10/10,17:49:48,11311.10000000,0
2020/10/10,17:49:48,11310.00000000,0
2020/10/10,17:49:49,11311.10000000,0
2020/10/10,17:49:49,11311.20000000,0
2020/10/10,17:49:49,11311.10000000,0
2020/10/10,17:49:50,11311.20000000,0
2020/10/10,17:49:51,11311.20000000,0
2020/10/10,17:49:51,11311.70000000,0
2020/10/10,17:49:52,11311.60000000,0
2020/10/10,17:49:52,11311.60000000,0
2020/10/10,17:49:53,11309.70000000,0
2020/10/10,17:49:54,11311.60000000,0
2020/10/10,17:49:54,11310.50000000,0
2020/10/10,17:49:54,11309.70000000,0
2020/10/10,17:49:54,11311.60000000,0
2020/10/10,17:49:55,11310.50000000,0
2020/10/10,17:49:56,11310.50000000,0
2020/10/10,17:49:56,11311.30000000,0
2020/10/10,17:49:57,11310.50000000,0
2020/10/10,17:49:57,11310.50000000,0
2020/10/10,17:49:58,11311.30000000,0
2020/10/10,17:49:58,11311.30000000,0
2020/10/10,17:49:59,11311.30000000,0
2020/10/10,17:50:0,11311.30000000,0
2020/10/10,17:50:0,11311.30000000,0
2020/10/10,17:50:0,11311.30000000,0
2020/10/10,17:50:1,11311.30000000,0
2020/10/10,17:50:1,11311.30000000,0
2020/10/10,17:50:2,11311.70000000,0
2020/10/10,17:50:2,11311.30000000,0
2020/10/10,17:50:4,11313.10000000,0
2020/10/10,17:50:4,11311.70000000,0
2020/10/10,17:50:5,11313.10000000,0
2020/10/10,17:50:5,11313.10000000,0
2020/10/10,17:50:5,11313.10000000,0
2020/10/10,17:50:6,11313.10000000,0
2020/10/10,17:50:6,11313.10000000,0
2020/10/10,17:50:7,11313.10000000,0
2020/10/10,17:50:7,11310.50000000,0
2020/10/10,17:50:7,11313.10000000,0
2020/10/10,17:50:8,11313.10000000,0
2020/10/10,17:50:9,11312.80000000,0
2020/10/10,17:50:9,11312.90000000,0
2020/10/10,17:50:10,11312.80000000,0
2020/10/10,17:50:10,11312.90000000,0
2020/10/10,17:50:10,11313.20000000,0
2020/10/10,17:50:10,11312.90000000,0
2020/10/10,17:50:11,11313.20000000,0
2020/10/10,17:50:12,11312.90000000,0
2020/10/10,17:50:13,11313.20000000,0
2020/10/10,17:50:13,11313.20000000,0
2020/10/10,17:50:14,11313.20000000,0
2020/10/10,17:50:14,11313.20000000,0
2020/10/10,17:50:14,11313.20000000,0
2020/10/10,17:50:15,11313.20000000,0
2020/10/10,17:50:15,11313.20000000,0
2020/10/10,17:50:16,11313.20000000,0
2020/10/10,17:50:16,11315.20000000,0
2020/10/10,17:50:17,11311.00000000,0
2020/10/10,17:50:18,11312.00000000,0
2020/10/10,17:50:18,11312.00000000,0
2020/10/10,17:50:19,11311.00000000,0
2020/10/10,17:50:20,11311.00000000,0
2020/10/10,17:50:20,11312.00000000,0
2020/10/10,17:50:20,11313.20000000,0
2020/10/10,17:50:20,11311.00000000,0
2020/10/10,17:50:21,11308.30000000,0
2020/10/10,17:50:22,11308.30000000,0
2020/10/10,17:50:22,11308.30000000,0
2020/10/10,17:50:22,11309.80000000,0
2020/10/10,17:50:23,11308.40000000,0
2020/10/10,17:50:23,11308.30000000,0
2020/10/10,17:50:24,11308.40000000,0
2020/10/10,17:50:24,11308.30000000,0
2020/10/10,17:50:24,11308.40000000,0
2020/10/10,17:50:25,11308.40000000,0
2020/10/10,17:50:26,11308.40000000,0
2020/10/10,17:50:26,11308.30000000,0
2020/10/10,17:50:27,11307.40000000,0
2020/10/10,17:50:27,11308.30000000,0
2020/10/10,17:50:28,11307.40000000,0
2020/10/10,17:50:28,11308.30000000,0
2020/10/10,17:50:29,11307.40000000,0
2020/10/10,17:50:30,11307.30000000,0
2020/10/10,17:50:30,11307.30000000,0
2020/10/10,17:50:30,11307.40000000,0
2020/10/10,17:50:31,11309.60000000,0
2020/10/10,17:50:32,11309.60000000,0
2020/10/10,17:50:32,11309.60000000,0
2020/10/10,17:50:33,11309.60000000,0
2020/10/10,17:50:33,11310.80000000,0
2020/10/10,17:50:33,11309.60000000,0
2020/10/10,17:50:33,11309.60000000,0
2020/10/10,17:50:34,11309.60000000,0
2020/10/10,17:50:35,11308.00000000,0
2020/10/10,17:50:35,11308.00000000,0
2020/10/10,17:50:35,11308.00000000,0
2020/10/10,17:50:37,11308.00000000,0
2020/10/10,17:50:37,11308.00000000,0
2020/10/10,17:50:37,11308.00000000,0
2020/10/10,17:50:37,11308.00000000,0
2020/10/10,17:50:38,11308.00000000,0
2020/10/10,17:50:39,11308.00000000,0
2020/10/10,17:50:39,11308.00000000,0
2020/10/10,17:50:40,11308.00000000,0
2020/10/10,17:50:40,11308.00000000,0
2020/10/10,17:50:40,11308.00000000,0
2020/10/10,17:50:41,11309.00000000,0
2020/10/10,17:50:42,11308.00000000,0
2020/10/10,17:50:43,11311.00000000,0
2020/10/10,17:50:44,11311.00000000,0
2020/10/10,17:50:44,11311.00000000,0
2020/10/10,17:50:44,11308.00000000,0
2020/10/10,17:50:45,11309.00000000,0
2020/10/10,17:50:45,11311.00000000,0
2020/10/10,17:50:45,11311.00000000,0
2020/10/10,17:50:45,11311.00000000,0
2020/10/10,17:50:47,11309.00000000,0
2020/10/10,17:50:47,11309.00000000,0
2020/10/10,17:50:47,11309.00000000,0
2020/10/10,17:50:47,11309.00000000,0
2020/10/10,17:50:48,11309.00000000,0
2020/10/10,17:50:49,11309.00000000,0
2020/10/10,17:50:49,11309.00000000,0
2020/10/10,17:50:50,11309.00000000,0
2020/10/10,17:50:51,11309.20000000,0
2020/10/10,17:50:51,11309.00000000,0
2020/10/10,17:50:51,11309.00000000,0
2020/10/10,17:50:52,11309.00000000,0
2020/10/10,17:50:53,11309.20000000,0
2020/10/10,17:50:53,11309.20000000,0
2020/10/10,17:50:54,11309.20000000,0
2020/10/10,17:50:54,11309.20000000,0
2020/10/10,17:50:54,11309.20000000,0
2020/10/10,17:50:55,11309.20000000,0
2020/10/10,17:50:56,11311.40000000,0
2020/10/10,17:50:56,11311.40000000,0
2020/10/10,17:50:56,11309.20000000,0
2020/10/10,17:50:56,11309.20000000,0
2020/10/10,17:50:57,11311.40000000,0
2020/10/10,17:50:58,11311.40000000,0
2020/10/10,17:50:58,11311.40000000,0
2020/10/10,17:51:0,11311.40000000,0
2020/10/10,17:51:0,11311.40000000,0
2020/10/10,17:51:0,11311.40000000,0
2020/10/10,17:51:0,11311.40000000,0
2020/10/10,17:51:1,11311.40000000,0
2020/10/10,17:51:1,11311.40000000,0
2020/10/10,17:51:2,11311.40000000,0
2020/10/10,17:51:3,11311.40000000,0
2020/10/10,17:51:3,11311.40000000,0
2020/10/10,17:51:4,11311.40000000,0
2020/10/10,17:51:5,11313.40000000,0
2020/10/10,17:51:5,11311.40000000,0
2020/10/10,17:51:6,11312.60000000,0
2020/10/10,17:51:6,11313.40000000,0
2020/10/10,17:51:7,11312.70000000,0
2020/10/10,17:51:7,11313.40000000,0
2020/10/10,17:51:7,11313.40000000,0
2020/10/10,17:51:8,11312.70000000,0
2020/10/10,17:51:8,11313.40000000,0
2020/10/10,17:51:9,11313.40000000,0
2020/10/10,17:51:9,11313.40000000,0
2020/10/10,17:51:10,11310.10000000,0
2020/10/10,17:51:10,11310.10000000,0
2020/10/10,17:51:10,11310.10000000,0
2020/10/10,17:51:10,11310.10000000,0
2020/10/10,17:51:11,11310.10000000,0
2020/10/10,17:51:11,11310.10000000,0
2020/10/10,17:51:13,11310.10000000,0
2020/10/10,17:51:13,11310.10000000,0
2020/10/10,17:51:15,11310.10000000,0
2020/10/10,17:51:15,11310.10000000,0
2020/10/10,17:51:16,11310.10000000,0
2020/10/10,17:51:16,11310.10000000,0
2020/10/10,17:51:16,11310.10000000,0
2020/10/10,17:51:17,11310.10000000,0
2020/10/10,17:51:17,11310.10000000,0
2020/10/10,17:51:18,11310.10000000,0
2020/10/10,17:51:18,11310.10000000,0
2020/10/10,17:51:18,11310.60000000,0
2020/10/10,17:51:19,11310.60000000,0
2020/10/10,17:51:20,11310.60000000,0
2020/10/10,17:51:20,11310.60000000,0
2020/10/10,17:51:20,11310.60000000,0
2020/10/10,17:51:21,11310.60000000,0
2020/10/10,17:51:21,11310.60000000,0
2020/10/10,17:51:22,11310.60000000,0
2020/10/10,17:51:22,11310.60000000,0
2020/10/10,17:51:24,11310.60000000,0
2020/10/10,17:51:24,11313.30000000,0
2020/10/10,17:51:24,11311.20000000,0
2020/10/10,17:51:25,11313.30000000,0
2020/10/10,17:51:25,11311.20000000,0
2020/10/10,17:51:25,11311.80000000,0
2020/10/10,17:51:25,11315.40000000,0
2020/10/10,17:51:25,11313.30000000,0
2020/10/10,17:51:27,11315.40000000,0
2020/10/10,17:51:28,11315.40000000,0
2020/10/10,17:51:28,11315.40000000,0
2020/10/10,17:51:28,11315.90000000,0
2020/10/10,17:51:29,11315.40000000,0
2020/10/10,17:51:29,11315.40000000,0
2020/10/10,17:51:30,11315.40000000,0
2020/10/10,17:51:30,11315.40000000,0
2020/10/10,17:51:31,11318.70000000,0
2020/10/10,17:51:31,11317.90000000,0
2020/10/10,17:51:32,11316.10000000,0
2020/10/10,17:51:32,11316.20000000,0
2020/10/10,17:51:32,11316.50000000,0
2020/10/10,17:51:33,11316.50000000,0
2020/10/10,17:51:33,11316.10000000,0
2020/10/10,17:51:34,11316.50000000,0
2020/10/10,17:51:34,11317.90000000,0
2020/10/10,17:51:35,11317.90000000,0
2020/10/10,17:51:36,11318.00000000,0
2020/10/10,17:51:36,11317.90000000,0
2020/10/10,17:51:38,11318.00000000,0
2020/10/10,17:51:38,11318.00000000,0
2020/10/10,17:51:38,11317.90000000,0
2020/10/10,17:51:39,11317.90000000,0
2020/10/10,17:51:40,11314.10000000,0
2020/10/10,17:51:40,11314.70000000,0
2020/10/10,17:51:40,11317.90000000,0
2020/10/10,17:51:42,11317.10000000,0
2020/10/10,17:51:42,11314.10000000,0
2020/10/10,17:51:42,11314.10000000,0
2020/10/10,17:51:42,11314.10000000,0
2020/10/10,17:51:43,11314.70000000,0
2020/10/10,17:51:43,11314.70000000,0
2020/10/10,17:51:43,11314.70000000,0
2020/10/10,17:51:44,11314.70000000,0
2020/10/10,17:51:45,11314.70000000,0
2020/10/10,17:51:45,11314.70000000,0
2020/10/10,17:51:45,11314.70000000,0
2020/10/10,17:51:45,11314.70000000,0
2020/10/10,17:51:45,11314.70000000,0
2020/10/10,17:51:46,11314.70000000,0
2020/10/10,17:51:46,11314.70000000,0
2020/10/10,17:51:48,11314.70000000,0
2020/10/10,17:51:48,11316.40000000,0
2020/10/10,17:51:48,11314.70000000,0
2020/10/10,17:51:49,11316.40000000,0
2020/10/10,17:51:49,11317.80000000,0
2020/10/10,17:51:50,11316.40000000,0
2020/10/10,17:51:50,11317.80000000,0
2020/10/10,17:51:51,11317.70000000,0
2020/10/10,17:51:52,11317.80000000,0
2020/10/10,17:51:53,11317.80000000,0
2020/10/10,17:51:53,11317.70000000,0
2020/10/10,17:51:54,11317.70000000,0
2020/10/10,17:51:54,11317.80000000,0
2020/10/10,17:51:54,11317.80000000,0
2020/10/10,17:51:55,11317.70000000,0
2020/10/10,17:51:55,11317.70000000,0
2020/10/10,17:51:57,11317.70000000,0
2020/10/10,17:51:57,11317.70000000,0
2020/10/10,17:51:57,11318.80000000,0
2020/10/10,17:51:58,11320.00000000,0
2020/10/10,17:51:58,11318.80000000,0
2020/10/10,17:51:59,11318.80000000,0
2020/10/10,17:51:59,11318.80000000,0
2020/10/10,17:51:59,11320.70000000,0
2020/10/10,17:52:0,11321.50000000,0
2020/10/10,17:52:0,11321.50000000,0
2020/10/10,17:52:1,11321.50000000,0
2020/10/10,17:52:1,11321.50000000,0
2020/10/10,17:52:2,11321.50000000,0
2020/10/10,17:52:2,11320.70000000,0
2020/10/10,17:52:2,11321.50000000,0
2020/10/10,17:52:3,11321.50000000,0
2020/10/10,17:52:3,11321.50000000,0
2020/10/10,17:52:4,11321.50000000,0
2020/10/10,17:52:5,11320.50000000,0
2020/10/10,17:52:5,11321.50000000,0
2020/10/10,17:52:6,11320.50000000,0
2020/10/10,17:52:6,11320.50000000,0
2020/10/10,17:52:7,11321.20000000,0
2020/10/10,17:52:7,11320.50000000,0
2020/10/10,17:52:8,11321.20000000,0
2020/10/10,17:52:9,11321.20000000,0
2020/10/10,17:52:9,11321.20000000,0
2020/10/10,17:52:9,11321.20000000,0
2020/10/10,17:52:10,11321.20000000,0
2020/10/10,17:52:11,11321.20000000,0
2020/10/10,17:52:11,11321.20000000,0
2020/10/10,17:52:12,11321.10000000,0
2020/10/10,17:52:12,11321.10000000,0
2020/10/10,17:52:13,11321.20000000,0
2020/10/10,17:52:13,11321.20000000,0
2020/10/10,17:52:14,11321.10000000,0
2020/10/10,17:52:14,11321.10000000,0
2020/10/10,17:52:15,11321.10000000,0
2020/10/10,17:52:16,11321.10000000,0
2020/10/10,17:52:16,11321.10000000,0
2020/10/10,17:52:16,11321.10000000,0
2020/10/10,17:52:17,11321.10000000,0
2020/10/10,17:52:17,11321.10000000,0
2020/10/10,17:52:18,11321.20000000,0
2020/10/10,17:52:19,11321.20000000,0
2020/10/10,17:52:19,11321.20000000,0
2020/10/10,17:52:19,11321.20000000,0
2020/10/10,17:52:20,11321.10000000,0
2020/10/10,17:52:20,11321.20000000,0
2020/10/10,17:52:20,11321.20000000,0
2020/10/10,17:52:21,11321.20000000,0
2020/10/10,17:52:21,11321.20000000,0
2020/10/10,17:52:21,11321.20000000,0
2020/10/10,17:52:22,11321.20000000,0
2020/10/10,17:52:23,11321.20000000,0
2020/10/10,17:52:23,11321.20000000,0
2020/10/10,17:52:24,11322.80000000,0
2020/10/10,17:52:25,11321.20000000,0
2020/10/10,17:52:27,11322.80000000,0
2020/10/10,17:52:27,11322.80000000,0
2020/10/10,17:52:27,11322.80000000,0
2020/10/10,17:52:28,11322.80000000,0
2020/10/10,17:52:28,11322.80000000,0
2020/10/10,17:52:28,11322.80000000,0
2020/10/10,17:52:28,11322.80000000,0
2020/10/10,17:52:29,11322.80000000,0
2020/10/10,17:52:30,11320.60000000,0
2020/10/10,17:52:30,11321.30000000,0
2020/10/10,17:52:30,11321.30000000,0
2020/10/10,17:52:31,11319.60000000,0
2020/10/10,17:52:31,11319.60000000,0
2020/10/10,17:52:31,11318.70000000,0
2020/10/10,17:52:32,11318.70000000,0
2020/10/10,17:52:32,11318.70000000,0
2020/10/10,17:52:32,11318.70000000,0
2020/10/10,17:52:33,11318.80000000,0
2020/10/10,17:52:33,11319.60000000,0
2020/10/10,17:52:34,11318.70000000,0
2020/10/10,17:52:35,11318.70000000,0
2020/10/10,17:52:35,11318.80000000,0
2020/10/10,17:52:36,11318.70000000,0
2020/10/10,17:52:36,11318.70000000,0
2020/10/10,17:52:36,11318.70000000,0
2020/10/10,17:52:37,11318.70000000,0
2020/10/10,17:52:38,11318.70000000,0
2020/10/10,17:52:38,11318.70000000,0
2020/10/10,17:52:39,11318.70000000,0
2020/10/10,17:52:40,11318.70000000,0
2020/10/10,17:52:40,11318.70000000,0
2020/10/10,17:52:42,11318.70000000,0
2020/10/10,17:52:42,11318.70000000,0
2020/10/10,17:52:42,11318.30000000,0
2020/10/10,17:52:43,11318.70000000,0
2020/10/10,17:52:44,11318.30000000,0
2020/10/10,17:52:44,11318.30000000,0
2020/10/10,17:52:44,11318.30000000,0
2020/10/10,17:52:45,11318.30000000,0
2020/10/10,17:52:45,11317.90000000,0
2020/10/10,17:52:46,11318.30000000,0
2020/10/10,17:52:46,11318.30000000,0
2020/10/10,17:52:47,11318.30000000,0
2020/10/10,17:52:47,11318.30000000,0
2020/10/10,17:52:47,11317.90000000,0
2020/10/10,17:52:48,11317.90000000,0
2020/10/10,17:52:48,11317.90000000,0
2020/10/10,17:52:48,11317.90000000,0
2020/10/10,17:52:49,11317.90000000,0
2020/10/10,17:52:50,11317.90000000,0
2020/10/10,17:52:51,11317.90000000,0
2020/10/10,17:52:51,11317.90000000,0
2020/10/10,17:52:51,11317.80000000,0
2020/10/10,17:52:52,11317.90000000,0
2020/10/10,17:52:52,11317.80000000,0
2020/10/10,17:52:53,11317.80000000,0
2020/10/10,17:52:54,11317.80000000,0
2020/10/10,17:52:54,11317.80000000,0
2020/10/10,17:52:54,11317.80000000,0
2020/10/10,17:52:56,11317.00000000,0
2020/10/10,17:52:56,11317.00000000,0
2020/10/10,17:52:56,11317.00000000,0
2020/10/10,17:52:56,11317.00000000,0
2020/10/10,17:52:56,11317.00000000,0
2020/10/10,17:52:57,11317.00000000,0
2020/10/10,17:52:57,11317.00000000,0
2020/10/10,17:52:58,11317.80000000,0
2020/10/10,17:52:59,11317.00000000,0
2020/10/10,17:53:0,11317.00000000,0
2020/10/10,17:53:0,11317.00000000,0
2020/10/10,17:53:1,11317.00000000,0
2020/10/10,17:53:2,11316.30000000,0
2020/10/10,17:53:2,11317.00000000,0
2020/10/10,17:53:3,11316.30000000,0
2020/10/10,18:6:15,11311.30000000,0
2020/10/10,18:6:15,11311.30000000,0
2020/10/10,18:6:15,11311.30000000,0
2020/10/10,18:6:15,11311.30000000,0
2020/10/10,18:6:15,11311.30000000,0
2020/10/10,18:6:16,11311.30000000,0
2020/10/10,18:6:17,11311.30000000,0
2020/10/10,18:6:17,11311.30000000,0
2020/10/10,18:6:17,11311.30000000,0
2020/10/10,18:6:17,11311.30000000,0
2020/10/10,18:6:18,11311.30000000,0
2020/10/10,18:6:18,11311.30000000,0
2020/10/10,18:6:18,11311.30000000,0
2020/10/10,18:6:19,11311.30000000,0
2020/10/10,18:6:19,11311.30000000,0
2020/10/10,18:6:19,11311.30000000,0
2020/10/10,18:6:19,11311.30000000,0
2020/10/10,18:6:20,11311.30000000,0
2020/10/10,18:6:20,11311.30000000,0
2020/10/10,18:6:20,11311.30000000,0
2020/10/10,18:6:20,11311.30000000,0
2020/10/10,18:6:20,11311.30000000,0
2020/10/10,18:6:20,11311.30000000,0
2020/10/10,18:6:21,11311.30000000,0
2020/10/10,18:6:22,11311.30000000,0
2020/10/10,18:6:22,11311.30000000,0
2020/10/10,18:6:22,11311.30000000,0
2020/10/10,18:6:22,11311.30000000,0
2020/10/10,18:6:23,11311.30000000,0
2020/10/10,18:6:23,11311.30000000,0
2020/10/10,18:6:23,11311.30000000,0
2020/10/10,18:6:24,11311.30000000,0
2020/10/10,18:6:24,11311.30000000,0
2020/10/10,18:6:24,11311.30000000,0
2020/10/10,18:6:24,11311.30000000,0
2020/10/10,18:6:24,11311.30000000,0
2020/10/10,18:6:24,11311.30000000,0
2020/10/10,18:6:25,11311.30000000,0
2020/10/10,18:6:25,11311.30000000,0
2020/10/10,18:6:25,11311.30000000,0
2020/10/10,18:6:25,11311.30000000,0
2020/10/10,18:6:25,11311.30000000,0
2020/10/10,18:6:26,11311.20000000,0
2020/10/10,18:6:26,11311.20000000,0
2020/10/10,18:6:26,11311.30000000,0
2020/10/10,18:6:26,11311.20000000,0
2020/10/10,18:6:26,11311.20000000,0
2020/10/10,18:6:27,11311.20000000,0
2020/10/10,18:6:27,11311.20000000,0
2020/10/10,18:6:28,11311.30000000,0
2020/10/10,18:6:28,11311.30000000,0
2020/10/10,18:6:28,11311.20000000,0
2020/10/10,18:6:28,11311.30000000,0
2020/10/10,18:6:29,11311.30000000,0
2020/10/10,18:6:29,11311.20000000,0
2020/10/10,18:6:29,11311.30000000,0
2020/10/10,18:6:29,11311.30000000,0
2020/10/10,18:6:29,11311.30000000,0
2020/10/10,18:6:30,11311.30000000,0
2020/10/10,18:6:30,11311.30000000,0
2020/10/10,18:6:30,11311.30000000,0
2020/10/10,18:6:31,11311.30000000,0
2020/10/10,18:6:31,11311.30000000,0
2020/10/10,18:6:31,11311.30000000,0
2020/10/10,18:6:31,11311.30000000,0
2020/10/10,18:6:32,11311.30000000,0
2020/10/10,18:6:32,11311.30000000,0
2020/10/10,18:6:32,11311.30000000,0
2020/10/10,18:6:32,11311.30000000,0
2020/10/10,18:6:32,11311.30000000,0
2020/10/10,18:6:32,11311.30000000,0
2020/10/10,18:6:33,11311.30000000,0
2020/10/10,18:6:33,11311.30000000,0
2020/10/10,18:6:33,11311.30000000,0
2020/10/10,18:6:33,11311.30000000,0
2020/10/10,18:6:33,11311.30000000,0
2020/10/10,18:6:34,11311.30000000,0
2020/10/10,18:6:34,11311.30000000,0
2020/10/10,18:6:34,11311.30000000,0
2020/10/10,18:6:34,11311.30000000,0
2020/10/10,18:6:35,11311.30000000,0
2020/10/10,18:6:35,11311.30000000,0
2020/10/10,18:6:35,11311.30000000,0
2020/10/10,18:6:35,11311.30000000,0
2020/10/10,18:6:36,11311.30000000,0
2020/10/10,18:6:36,11311.30000000,0
2020/10/10,18:6:36,11311.30000000,0
2020/10/10,18:6:37,11311.30000000,0
2020/10/10,18:6:37,11311.30000000,0
2020/10/10,18:6:38,11311.30000000,0
2020/10/10,18:6:38,11311.30000000,0
2020/10/10,18:6:40,11311.30000000,0
2020/10/10,18:6:40,11311.30000000,0
2020/10/10,18:6:40,11311.30000000,0
2020/10/10,18:6:41,11311.30000000,0
2020/10/10,18:6:41,11311.30000000,0
2020/10/10,18:6:42,11311.30000000,0
2020/10/10,18:6:43,11311.30000000,0
2020/10/10,18:6:43,11311.30000000,0
2020/10/10,18:6:43,11311.30000000,0
2020/10/10,18:6:44,11311.30000000,0
2020/10/10,18:6:44,11311.30000000,0
2020/10/10,18:6:44,11311.30000000,0
2020/10/10,18:6:45,11311.30000000,0
2020/10/10,18:6:46,11311.30000000,0
2020/10/10,18:6:46,11311.30000000,0
2020/10/10,18:6:48,11311.30000000,0
2020/10/10,18:6:48,11311.30000000,0
2020/10/10,18:6:48,11311.30000000,0
2020/10/10,18:6:49,11311.30000000,0
2020/10/10,18:6:50,11311.30000000,0
2020/10/10,18:6:50,11311.30000000,0
2020/10/10,18:6:50,11311.30000000,0
2020/10/10,18:6:51,11311.30000000,0
2020/10/10,18:6:51,11311.30000000,0
2020/10/10,18:6:52,11311.20000000,0
2020/10/10,18:6:52,11311.30000000,0
2020/10/10,18:6:53,11311.20000000,0
2020/10/10,18:6:53,11311.20000000,0
2020/10/10,18:6:53,11311.20000000,0
2020/10/10,18:6:54,11311.20000000,0
2020/10/10,18:6:54,11311.20000000,0
2020/10/10,18:6:55,11311.30000000,0
2020/10/10,18:6:56,11311.30000000,0
2020/10/10,18:6:57,11311.30000000,0
2020/10/10,18:6:57,11311.30000000,0
2020/10/10,18:6:57,11311.30000000,0
2020/10/10,18:6:57,11311.30000000,0
2020/10/10,18:6:58,11311.30000000,0
2020/10/10,18:6:59,11311.30000000,0
2020/10/10,18:7:0,11311.30000000,0
2020/10/10,18:7:0,11311.30000000,0
2020/10/10,18:7:0,11311.30000000,0
2020/10/10,18:7:1,11311.20000000,0
2020/10/10,18:7:1,11311.30000000,0
2020/10/10,18:7:2,11311.20000000,0
2020/10/10,18:7:2,11311.20000000,0
2020/10/10,18:7:2,11311.20000000,0
2020/10/10,18:7:3,11311.20000000,0
2020/10/10,18:7:3,11311.20000000,0
2020/10/10,18:7:3,11311.20000000,0
2020/10/10,18:7:4,11311.20000000,0
2020/10/10,18:7:5,11311.20000000,0
2020/10/10,18:7:6,11311.20000000,0
2020/10/10,18:7:7,11311.20000000,0
2020/10/10,18:7:7,11311.30000000,0
2020/10/10,18:7:8,11311.20000000,0
2020/10/10,18:7:8,11311.30000000,0
2020/10/10,18:7:8,11311.20000000,0
2020/10/10,18:7:9,11311.20000000,0
2020/10/10,18:7:9,11311.20000000,0
2020/10/10,18:7:10,11311.30000000,0
2020/10/10,18:7:10,11311.30000000,0
2020/10/10,18:7:11,11311.20000000,0
2020/10/10,18:7:11,11311.20000000,0
2020/10/10,18:7:12,11311.20000000,0
2020/10/10,18:7:12,11311.20000000,0
2020/10/10,18:7:12,11311.20000000,0
2020/10/10,18:7:13,11311.20000000,0
2020/10/10,18:7:13,11311.20000000,0
2020/10/10,18:7:14,11311.20000000,0
2020/10/10,18:7:14,11311.20000000,0
2020/10/10,18:7:15,11311.20000000,0
2020/10/10,18:7:15,11310.50000000,0
2020/10/10,18:7:16,11310.50000000,0
2020/10/10,18:7:16,11310.50000000,0
2020/10/10,18:7:17,11310.50000000,0
2020/10/10,18:7:17,11310.50000000,0
2020/10/10,18:7:17,11310.50000000,0
2020/10/10,18:7:18,11310.50000000,0
2020/10/10,18:7:18,11310.50000000,0
2020/10/10,18:7:19,11310.60000000,0
2020/10/10,18:7:20,11310.60000000,0
2020/10/10,18:7:20,11310.60000000,0
2020/10/10,18:7:20,11310.60000000,0
2020/10/10,18:7:22,11310.60000000,0
2020/10/10,18:7:22,11310.60000000,0
2020/10/10,18:7:23,11310.60000000,0
2020/10/10,18:7:24,11310.60000000,0
2020/10/10,18:7:24,11310.60000000,0
2020/10/10,18:7:24,11310.60000000,0
2020/10/10,18:7:25,11310.60000000,0
2020/10/10,18:7:25,11310.60000000,0
2020/10/10,18:7:26,11310.60000000,0
2020/10/10,18:7:27,11310.60000000,0
2020/10/10,18:7:27,11310.60000000,0
2020/10/10,18:7:28,11310.60000000,0
2020/10/10,18:7:28,11310.60000000,0
2020/10/10,18:7:28,11310.00000000,0
2020/10/10,18:7:28,11310.60000000,0
2020/10/10,18:7:29,11309.40000000,0
2020/10/10,18:7:30,11309.40000000,0
2020/10/10,18:7:30,11309.40000000,0
2020/10/10,18:7:30,11309.40000000,0
2020/10/10,18:7:30,11310.60000000,0
2020/10/10,18:7:31,11309.40000000,0
2020/10/10,18:7:32,11308.00000000,0
2020/10/10,18:7:33,11308.60000000,0
2020/10/10,18:7:33,11308.60000000,0
2020/10/10,18:7:33,11308.00000000,0
2020/10/10,18:7:34,11308.00000000,0
2020/10/10,18:7:34,11306.70000000,0
2020/10/10,18:7:36,11306.80000000,0
2020/10/10,18:7:36,11306.70000000,0
2020/10/10,18:7:36,11306.70000000,0
2020/10/10,18:7:36,11306.70000000,0
2020/10/10,18:7:37,11306.80000000,0
2020/10/10,18:7:38,11306.80000000,0
2020/10/10,18:7:38,11306.80000000,0
2020/10/10,18:7:38,11306.80000000,0
2020/10/10,18:7:39,11306.80000000,0
2020/10/10,18:7:39,11306.80000000,0
2020/10/10,18:7:40,11306.20000000,0
2020/10/10,18:7:40,11305.30000000,0
2020/10/10,18:7:41,11306.10000000,0
2020/10/10,18:7:42,11305.20000000,0
2020/10/10,18:7:42,11305.30000000,0
2020/10/10,18:7:43,11305.30000000,0
2020/10/10,18:7:43,11305.10000000,0
2020/10/10,18:7:43,11305.20000000,0
2020/10/10,18:7:44,11305.20000000,0
2020/10/10,18:7:44,11305.10000000,0
2020/10/10,18:7:45,11304.50000000,0
2020/10/10,18:7:45,11305.10000000,0
2020/10/10,18:7:46,11305.10000000,0
2020/10/10,18:7:47,11304.50000000,0
2020/10/10,18:7:47,11304.50000000,0
2020/10/10,18:7:47,11304.50000000,0
2020/10/10,18:7:49,11303.30000000,0
2020/10/10,18:7:49,11302.70000000,0
2020/10/10,18:7:49,11302.70000000,0
2020/10/10,18:7:50,11304.00000000,0
2020/10/10,18:7:50,11303.30000000,0
2020/10/10,18:7:50,11302.70000000,0
2020/10/10,18:7:51,11302.70000000,0
2020/10/10,18:7:51,11302.70000000,0
2020/10/10,18:7:51,11302.70000000,0
2020/10/10,18:7:52,11301.30000000,0
2020/10/10,18:7:53,11302.00000000,0
2020/10/10,18:7:53,11301.30000000,0
2020/10/10,18:7:54,11301.30000000,0
2020/10/10,18:7:54,11301.30000000,0
2020/10/10,18:7:55,11301.30000000,0
2020/10/10,18:7:55,11301.30000000,0
2020/10/10,18:7:56,11301.30000000,0
2020/10/10,18:7:57,11301.30000000,0
2020/10/10,18:7:57,11301.30000000,0
2020/10/10,18:7:58,11301.40000000,0
2020/10/10,18:7:58,11301.30000000,0
2020/10/10,18:7:58,11300.50000000,0
2020/10/10,18:7:59,11300.50000000,0
2020/10/10,18:8:0,11301.40000000,0
2020/10/10,18:8:0,11300.50000000,0
2020/10/10,18:8:1,11300.50000000,0
2020/10/10,18:8:1,11300.50000000,0
2020/10/10,18:8:2,11300.50000000,0
2020/10/10,18:8:2,11300.50000000,0
2020/10/10,18:8:3,11300.50000000,0
2020/10/10,18:8:3,11300.20000000,0
2020/10/10,18:8:3,11300.20000000,0
2020/10/10,18:8:4,11300.00000000,0
2020/10/10,18:8:5,11300.00000000,0
2020/10/10,18:8:5,11300.20000000,0
2020/10/10,18:8:6,11300.00000000,0
2020/10/10,18:8:7,11301.00000000,0
2020/10/10,18:8:7,11300.00000000,0
2020/10/10,18:8:8,11300.00000000,0
2020/10/10,18:8:8,11301.00000000,0
2020/10/10,18:8:9,11300.00000000,0
2020/10/10,18:8:9,11301.00000000,0
2020/10/10,18:8:9,11300.00000000,0
2020/10/10,18:8:9,11301.50000000,0
2020/10/10,18:8:9,11301.00000000,0
2020/10/10,18:8:10,11301.50000000,0
2020/10/10,18:8:11,11301.50000000,0
2020/10/10,18:8:12,11304.20000000,0
2020/10/10,18:8:12,11307.00000000,0
2020/10/10,18:8:12,11307.00000000,0
2020/10/10,18:8:13,11306.70000000,0
2020/10/10,18:8:13,11306.70000000,0
2020/10/10,18:8:13,11307.00000000,0
2020/10/10,18:8:14,11307.30000000,0
2020/10/10,18:8:14,11307.30000000,0
2020/10/10,18:8:15,11307.30000000,0
2020/10/10,18:8:15,11307.30000000,0
2020/10/10,18:8:16,11307.30000000,0
2020/10/10,18:8:17,11307.30000000,0
2020/10/10,18:8:18,11307.30000000,0
2020/10/10,18:8:19,11307.30000000,0
2020/10/10,18:8:19,11307.40000000,0
2020/10/10,18:8:20,11307.30000000,0
2020/10/10,18:8:20,11308.40000000,0
2020/10/10,18:8:20,11308.40000000,0
2020/10/10,18:8:20,11308.40000000,0
2020/10/10,18:8:21,11307.40000000,0
2020/10/10,18:8:21,11308.40000000,0
2020/10/10,18:8:22,11308.40000000,0
2020/10/10,18:8:23,11308.40000000,0
2020/10/10,18:8:23,11308.40000000,0
2020/10/10,18:8:23,11308.40000000,0
2020/10/10,18:8:24,11308.40000000,0
2020/10/10,18:8:25,11308.40000000,0
2020/10/10,18:8:25,11308.40000000,0
2020/10/10,18:8:25,11307.10000000,0
2020/10/10,18:8:25,11308.40000000,0
2020/10/10,18:8:26,11308.40000000,0
2020/10/10,18:8:27,11307.10000000,0
2020/10/10,18:8:27,11307.10000000,0
2020/10/10,18:8:28,11307.20000000,0
2020/10/10,18:8:28,11307.10000000,0
2020/10/10,18:8:29,11307.10000000,0
2020/10/10,18:8:30,11307.20000000,0
2020/10/10,18:8:30,11307.20000000,0
2020/10/10,18:8:31,11306.40000000,0
2020/10/10,18:8:32,11306.40000000,0
2020/10/10,18:8:32,11306.40000000,0
2020/10/10,18:8:33,11306.40000000,0
2020/10/10,18:8:33,11306.40000000,0
2020/10/10,18:8:34,11306.40000000,0
2020/10/10,18:8:34,11306.40000000,0
2020/10/10,18:8:34,11306.40000000,0
2020/10/10,18:8:35,11306.40000000,0
2020/10/10,18:8:35,11306.40000000,0
2020/10/10,18:8:35,11306.40000000,0
2020/10/10,18:8:36,11306.40000000,0
2020/10/10,18:8:37,11306.40000000,0
2020/10/10,18:8:37,11306.40000000,0
2020/10/10,18:8:37,11306.40000000,0
2020/10/10,18:8:38,11306.40000000,0
2020/10/10,18:8:39,11305.20000000,0
2020/10/10,18:8:39,11306.00000000,0
2020/10/10,18:8:40,11306.00000000,0
2020/10/10,18:8:40,11305.80000000,0
2020/10/10,18:8:41,11305.30000000,0
2020/10/10,18:8:41,11305.30000000,0
2020/10/10,18:8:42,11305.30000000,0
2020/10/10,18:8:42,11305.30000000,0
2020/10/10,18:8:43,11307.10000000,0
2020/10/10,18:8:43,11305.30000000,0
2020/10/10,18:8:43,11304.70000000,0
2020/10/10,18:8:44,11304.70000000,0
2020/10/10,18:8:44,11305.30000000,0
2020/10/10,18:8:44,11304.70000000,0
2020/10/10,18:8:45,11304.70000000,0
2020/10/10,18:8:46,11304.70000000,0
2020/10/10,18:8:46,11304.70000000,0
2020/10/10,18:8:47,11304.70000000,0
2020/10/10,18:8:48,11304.70000000,0
2020/10/10,18:8:48,11304.70000000,0
2020/10/10,18:8:48,11303.30000000,0
2020/10/10,18:8:49,11304.70000000,0
2020/10/10,18:8:49,11303.30000000,0
2020/10/10,18:8:49,11304.70000000,0
2020/10/10,18:8:50,11303.30000000,0
2020/10/10,18:8:51,11303.30000000,0
2020/10/10,18:8:51,11303.30000000,0
2020/10/10,18:8:52,11303.30000000,0
2020/10/10,18:8:52,11303.30000000,0
2020/10/10,18:8:52,11303.30000000,0
2020/10/10,18:8:53,11303.30000000,0
2020/10/10,18:8:53,11303.30000000,0
2020/10/10,18:8:54,11303.30000000,0
2020/10/10,18:8:55,11303.30000000,0
2020/10/10,18:8:55,11302.30000000,0
2020/10/10,18:8:56,11302.30000000,0
2020/10/10,18:8:56,11302.30000000,0
2020/10/10,18:8:56,11302.30000000,0
2020/10/10,18:8:57,11302.30000000,0
2020/10/10,18:8:58,11302.30000000,0
2020/10/10,18:8:59,11302.30000000,0
2020/10/10,18:8:59,11302.30000000,0
2020/10/10,18:8:59,11302.30000000,0
2020/10/10,18:9:0,11302.30000000,0
2020/10/10,18:9:0,11302.30000000,0
2020/10/10,18:9:1,11302.30000000,0
2020/10/10,18:9:2,11302.30000000,0
2020/10/10,18:9:2,11302.30000000,0
